<?xml version="1.0" encoding="UTF-8"?>
<!DOCTYPE html PUBLIC "-//W3C//DTD XHTML 1.0 Transitional//EN"
    "http://www.w3.org/TR/xhtml1/DTD/xhtml1-transitional.dtd">
<html xmlns="http://www.w3.org/1999/xhtml" xml:lang="en" lang="en">
 <head>
  <title>
</title>
<meta http-equiv="Content-Type" content="text/html;charset=utf-8" />
  <meta name='ocr-system' content='tesseract 3.04.00' />
  <meta name='ocr-capabilities' content='ocr_page ocr_carea ocr_par ocr_line ocrx_word'/>
</head>
<body>
  <div class='ocr_page' id='page_1' title='image "./resgestaediviau01augugoog_0135.png"; bbox 0 0 3734 5517; ppageno 0'>
   <div class='ocr_carea' id='block_1_1' title="bbox 774 375 945 440">
    <p class='ocr_par' dir='ltr' id='par_1_1' title="bbox 774 375 945 440">
     <span class='ocr_line' id='line_1_1' title="bbox 774 375 945 440; baseline 0.012 -12"><span class='ocrx_word' id='word_1_1' title='bbox 774 375 821 440; x_wconf 85' lang='grc' dir='ltr'>ΙΙΙ,</span> <span class='ocrx_word' id='word_1_2' title='bbox 839 375 945 430; x_wconf 79' lang='grc'>7-21</span> 
     </span>
    </p>
   </div>
   <div class='ocr_carea' id='block_1_2' title="bbox 1201 597 1503 650">
    <p class='ocr_par' dir='ltr' id='par_1_2' title="bbox 1201 597 1503 650">
     <span class='ocr_line' id='line_1_2' title="bbox 1201 597 1503 650; baseline 0 -2"><span class='ocrx_word' id='word_1_3' title='bbox 1201 617 1217 648; x_wconf 85' lang='lat' dir='ltr'><strong>u</strong></span> <span class='ocrx_word' id='word_1_4' title='bbox 1227 618 1305 650; x_wconf 77' lang='lat' dir='ltr'><strong>natus</strong></span> <span class='ocrx_word' id='word_1_5' title='bbox 1377 614 1401 650; x_wconf 85' lang='lat' dir='ltr'><strong>u.</strong></span> <span class='ocrx_word' id='word_1_6' title='bbox 1415 614 1438 650; x_wconf 83' lang='lat' dir='ltr'><strong>o.</strong></span> <span class='ocrx_word' id='word_1_7' title='bbox 1453 597 1503 650; x_wconf 81' lang='grc'><strong>742</strong></span> 
     </span>
    </p>
   </div>
   <div class='ocr_carea' id='block_1_3' title="bbox 995 783 1303 839">
    <p class='ocr_par' dir='ltr' id='par_1_3' title="bbox 995 783 1303 839">
     <span class='ocr_line' id='line_1_3' title="bbox 995 783 1303 839; baseline 0 -3"><span class='ocrx_word' id='word_1_8' title='bbox 995 783 1192 839; x_wconf 80' lang='lat' dir='ltr'><strong>c.cAN1N1VS</strong></span> <span class='ocrx_word' id='word_1_9' title='bbox 1212 787 1303 837; x_wconf 76' lang='lat' dir='ltr'><strong>rebilus</strong></span> 
     </span>
    </p>
   </div>
   <div class='ocr_carea' id='block_1_4' title="bbox 398 877 1320 1332">
    <p class='ocr_par' dir='ltr' id='par_1_4' title="bbox 398 877 1320 1332">
     <span class='ocr_line' id='line_1_4' title="bbox 568 877 1306 938; baseline 0 -8"><span class='ocrx_word' id='word_1_10' title='bbox 568 879 592 938; x_wconf 71' lang='lat' dir='ltr'><strong>le.</strong></span> <span class='ocrx_word' id='word_1_11' title='bbox 630 877 774 932; x_wconf 75' lang='lat' dir='ltr'>AVGVST</span> <span class='ocrx_word' id='word_1_12' title='bbox 811 878 832 930; x_wconf 81' lang='lat' dir='ltr'>L</span> <span class='ocrx_word' id='word_1_13' title='bbox 865 900 874 919; x_wconf 90' lang='lat'><strong>·</strong></span> <span class='ocrx_word' id='word_1_14' title='bbox 905 877 1079 933; x_wconf 82' lang='lat' dir='ltr'>VOLVSIVS</span> <span class='ocrx_word' id='word_1_15' title='bbox 1111 903 1120 920; x_wconf 91' lang='lat'><strong>·</strong></span> <span class='ocrx_word' id='word_1_16' title='bbox 1150 879 1306 932; x_wconf 75' lang='lat' dir='ltr'><strong>SAtaminas</strong></span> 
     </span>
     <span class='ocr_line' id='line_1_5' title="bbox 398 971 1312 1040; baseline 0.002 -16"><span class='ocrx_word' id='word_1_17' title='bbox 398 992 437 1038; x_wconf 77' lang='lat' dir='ltr'><strong>pr.</strong></span> <span class='ocrx_word' id='word_1_18' title='bbox 454 991 509 1024; x_wconf 78' lang='lat' dir='ltr'><strong>aaa.</strong></span> <span class='ocrx_word' id='word_1_19' title='bbox 528 985 599 1027; x_wconf 67' lang='lat' dir='ltr'><strong>saara</strong></span> <span class='ocrx_word' id='word_1_20' title='bbox 617 977 675 1040; x_wconf 80' lang='lat' dir='ltr'><strong>imp.</strong></span> <span class='ocrx_word' id='word_1_21' title='bbox 693 973 799 1026; x_wconf 70' lang='lat' dir='ltr'><strong>oawAR</strong></span> <span class='ocrx_word' id='word_1_22' title='bbox 811 995 820 1011; x_wconf 94' lang='lat'><strong>·</strong></span> <span class='ocrx_word' id='word_1_23' title='bbox 833 971 962 1026; x_wconf 78' lang='lat' dir='ltr'>PONTIF</span> <span class='ocrx_word' id='word_1_24' title='bbox 977 995 986 1011; x_wconf 89' lang='lat'><strong>·</strong></span> <span class='ocrx_word' id='word_1_25' title='bbox 998 973 1113 1028; x_wconf 75' lang='lat' dir='ltr'>MAXIM</span> <span class='ocrx_word' id='word_1_26' title='bbox 1127 997 1136 1016; x_wconf 90' lang='lat'><strong>·</strong></span> <span class='ocrx_word' id='word_1_27' title='bbox 1151 974 1267 1028; x_wconf 81' lang='lat' dir='ltr'><strong>GReatas</strong></span> <span class='ocrx_word' id='word_1_28' title='bbox 1278 985 1312 1026; x_wconf 88' lang='lat' dir='ltr'><strong>est</strong></span> 
     </span>
     <span class='ocr_line' id='line_1_6' title="bbox 595 1065 1286 1134; baseline 0.001 -15.78"><span class='ocrx_word' id='word_1_29' title='bbox 595 1069 653 1134; x_wconf 85' lang='lat' dir='ltr'><strong>imp.</strong></span> <span class='ocrx_word' id='word_1_30' title='bbox 680 1085 768 1120; x_wconf 75' lang='lat' dir='ltr'><strong>caesae·</strong></span> <span class='ocrx_word' id='word_1_31' title='bbox 794 1065 1188 1122; x_wconf 75' lang='lat' dir='ltr'><strong>GONGIARIVM·POPVLO</strong></span> <span class='ocrx_word' id='word_1_32' title='bbox 1220 1070 1286 1120; x_wconf 80' lang='lat' dir='ltr'><em>dedit</em></span> 
     </span>
     <span class='ocr_line' id='line_1_7' title="bbox 400 1161 1320 1228; baseline 0.008 -23"><span class='ocrx_word' id='word_1_33' title='bbox 400 1161 473 1210; x_wconf 85' lang='lat' dir='ltr'><strong>11uiri</strong></span> <span class='ocrx_word' id='word_1_34' title='bbox 509 1161 774 1214; x_wconf 83' lang='lat' dir='ltr'><strong>.......Slvs</strong></span> <span class='ocrx_word' id='word_1_35' title='bbox 807 1183 815 1201; x_wconf 92' lang='lat'><strong>·</strong></span> <span class='ocrx_word' id='word_1_36' title='bbox 846 1161 872 1212; x_wconf 78' lang='grc' dir='ltr'>Μ</span> <span class='ocrx_word' id='word_1_37' title='bbox 903 1183 912 1201; x_wconf 85' lang='grc'><em>·</em></span> <span class='ocrx_word' id='word_1_38' title='bbox 944 1161 965 1214; x_wconf 79' lang='lat' dir='ltr'>F</span> <span class='ocrx_word' id='word_1_39' title='bbox 1002 1161 1320 1228; x_wconf 74' lang='lat' dir='ltr'><strong>P·RVP1L2·os..s.</strong></span> 
     </span>
     <span class='ocr_line' id='line_1_8' title="bbox 399 1253 1305 1332; baseline 0.002 -29"><span class='ocrx_word' id='word_1_40' title='bbox 399 1253 485 1303; x_wconf 75' lang='lat' dir='ltr'><strong>aad?</strong></span> <span class='ocrx_word' id='word_1_41' title='bbox 538 1291 768 1307; x_wconf 84' lang='grc'><strong>......</strong></span> <span class='ocrx_word' id='word_1_42' title='bbox 804 1254 871 1306; x_wconf 84' lang='lat' dir='ltr'><strong>Rlas</strong></span> <span class='ocrx_word' id='word_1_43' title='bbox 906 1257 961 1320; x_wconf 84' lang='lat' dir='ltr'><strong>..s</strong></span> <span class='ocrx_word' id='word_1_44' title='bbox 1020 1255 1305 1332; x_wconf 26' lang='lat' dir='ltr'><strong>‘..·AELius..f</strong></span> 
     </span>
    </p>
   </div>
   <div class='ocr_carea' id='block_1_5' title="bbox 174 1380 1544 4893">
    <p class='ocr_par' dir='ltr' id='par_1_5' title="bbox 174 1380 1541 3229">
     <span class='ocr_line' id='line_1_9' title="bbox 176 1380 1538 1473; baseline -0.001 -27"><span class='ocrx_word' id='word_1_45' title='bbox 176 1382 239 1446; x_wconf 90' lang='lat' dir='ltr'><strong>Dio</strong></span> <span class='ocrx_word' id='word_1_46' title='bbox 256 1382 326 1466; x_wconf 87' lang='grc'>(54,</span> <span class='ocrx_word' id='word_1_47' title='bbox 343 1380 401 1464; x_wconf 85' lang='grc'><strong>29)</strong></span> <span class='ocrx_word' id='word_1_48' title='bbox 425 1380 466 1445; x_wconf 88' lang='lat' dir='ltr'><strong>ad</strong></span> <span class='ocrx_word' id='word_1_49' title='bbox 489 1402 518 1445; x_wconf 95' lang='lat' dir='ltr'><strong>a.</strong></span> <span class='ocrx_word' id='word_1_50' title='bbox 535 1384 599 1446; x_wconf 79' lang='grc'><strong>742</strong></span> <span class='ocrx_word' id='word_1_51' title='bbox 622 1390 792 1467; x_wconf 83' lang='lat' dir='ltr'><strong>postquam</strong></span> <span class='ocrx_word' id='word_1_52' title='bbox 815 1382 897 1447; x_wconf 82' lang='lat' dir='ltr'><strong>dixit</strong></span> <span class='ocrx_word' id='word_1_53' title='bbox 926 1382 966 1447; x_wconf 93' lang='lat' dir='ltr'><strong>de</strong></span> <span class='ocrx_word' id='word_1_54' title='bbox 995 1390 1096 1448; x_wconf 89' lang='lat' dir='ltr'><strong>morte</strong></span> <span class='ocrx_word' id='word_1_55' title='bbox 1119 1385 1278 1473; x_wconf 79' lang='lat' dir='ltr'><strong>Agrippae</strong></span> <span class='ocrx_word' id='word_1_56' title='bbox 1302 1381 1394 1449; x_wconf 92' lang='lat' dir='ltr'><strong>etde</strong></span> <span class='ocrx_word' id='word_1_57' title='bbox 1416 1382 1538 1465; x_wconf 82' lang='lat' dir='ltr'><strong>legatis,</strong></span> 
     </span>
     <span class='ocr_line' id='line_1_10' title="bbox 178 1482 1538 1572; baseline -0.001 -22"><span class='ocrx_word' id='word_1_58' title='bbox 178 1506 262 1570; x_wconf 90' lang='lat' dir='ltr'><strong>quae</strong></span> <span class='ocrx_word' id='word_1_59' title='bbox 277 1482 425 1548; x_wconf 91' lang='lat' dir='ltr'><strong>heredem</strong></span> <span class='ocrx_word' id='word_1_60' title='bbox 442 1486 620 1566; x_wconf 81' lang='lat' dir='ltr'><strong>Augustum</strong></span> <span class='ocrx_word' id='word_1_61' title='bbox 635 1487 752 1572; x_wconf 89' lang='lat' dir='ltr'><strong>populo</strong></span> <span class='ocrx_word' id='word_1_62' title='bbox 768 1489 909 1553; x_wconf 88' lang='lat' dir='ltr'><strong>Romano</strong></span> <span class='ocrx_word' id='word_1_63' title='bbox 925 1487 1000 1552; x_wconf 90' lang='lat' dir='ltr'><strong>dare</strong></span> <span class='ocrx_word' id='word_1_64' title='bbox 1015 1487 1172 1566; x_wconf 88' lang='lat' dir='ltr'><strong>iussisset,</strong></span> <span class='ocrx_word' id='word_1_65' title='bbox 1196 1489 1285 1554; x_wconf 89' lang='lat' dir='ltr'><strong>addit</strong></span> <span class='ocrx_word' id='word_1_66' title='bbox 1298 1492 1460 1572; x_wconf 89' lang='lat' dir='ltr'><strong>praeterea</strong></span> <span class='ocrx_word' id='word_1_67' title='bbox 1475 1486 1538 1549; x_wconf 81' lang='lat' dir='ltr'><strong>Au-</strong></span> 
     </span>
     <span class='ocr_line' id='line_1_11' title="bbox 176 1587 1541 1676; baseline -0.001 -25"><span class='ocrx_word' id='word_1_68' title='bbox 176 1595 318 1674; x_wconf 87' lang='lat' dir='ltr'><strong>gustum,</strong></span> <span class='ocrx_word' id='word_1_69' title='bbox 340 1593 504 1672; x_wconf 80' lang='lat' dir='ltr'><strong>tamquam</strong></span> <span class='ocrx_word' id='word_1_70' title='bbox 520 1589 566 1653; x_wconf 92' lang='lat' dir='ltr'><strong>ita</strong></span> <span class='ocrx_word' id='word_1_71' title='bbox 579 1596 768 1656; x_wconf 90' lang='lat' dir='ltr'><strong>testamento</strong></span> <span class='ocrx_word' id='word_1_72' title='bbox 784 1591 891 1656; x_wconf 89' lang='lat' dir='ltr'><strong>iussus</strong></span> <span class='ocrx_word' id='word_1_73' title='bbox 907 1599 1001 1669; x_wconf 87' lang='lat' dir='ltr'><strong>esset,</strong></span> <span class='ocrx_word' id='word_1_74' title='bbox 1025 1591 1258 1676; x_wconf 82' lang='lat' dir='ltr'><strong>quadringenos</strong></span> <span class='ocrx_word' id='word_1_75' title='bbox 1275 1590 1436 1656; x_wconf 86' lang='lat' dir='ltr'><strong>sestertios</strong></span> <span class='ocrx_word' id='word_1_76' title='bbox 1452 1587 1541 1674; x_wconf 92' lang='lat' dir='ltr'><strong>plebi</strong></span> 
     </span>
     <span class='ocr_line' id='line_1_12' title="bbox 176 1689 1539 1784; baseline 0.004 -29"><span class='ocrx_word' id='word_1_77' title='bbox 176 1691 330 1756; x_wconf 80' lang='lat' dir='ltr'><strong>divisisse</strong></span> <span class='ocrx_word' id='word_1_78' title='bbox 358 1689 431 1776; x_wconf 82' lang='grc' dir='ltr'>(καὶ</span> <span class='ocrx_word' id='word_1_79' title='bbox 453 1690 525 1756; x_wconf 74' lang='grc' dir='ltr'><strong>καθ’</strong></span> <span class='ocrx_word' id='word_1_80' title='bbox 545 1691 649 1758; x_wconf 78' lang='grc' dir='ltr'>ἑκατὸν</span> <span class='ocrx_word' id='word_1_81' title='bbox 680 1695 819 1782; x_wconf 80' lang='grc' dir='ltr'>δραχμὰς</span> <span class='ocrx_word' id='word_1_82' title='bbox 847 1703 890 1781; x_wconf 78' lang='grc' dir='ltr'><strong>τῷ</strong></span> <span class='ocrx_word' id='word_1_83' title='bbox 914 1698 1021 1784; x_wconf 75' lang='grc' dir='ltr'>δήμῳ,</span> <span class='ocrx_word' id='word_1_84' title='bbox 1051 1699 1093 1766; x_wconf 84' lang='grc' dir='ltr'><strong>ὡς</strong></span> <span class='ocrx_word' id='word_1_85' title='bbox 1118 1699 1169 1761; x_wconf 81' lang='grc' dir='ltr'><strong>καὶ</strong></span> <span class='ocrx_word' id='word_1_86' title='bbox 1193 1696 1308 1764; x_wconf 81' lang='grc' dir='ltr'>ἐκείνου</span> <span class='ocrx_word' id='word_1_87' title='bbox 1331 1693 1539 1767; x_wconf 80' lang='grc' dir='ltr'>κελεύσαντος,</span> 
     </span>
     <span class='ocr_line' id='line_1_13' title="bbox 177 1793 1541 1883; baseline -0.001 -25"><span class='ocrx_word' id='word_1_88' title='bbox 177 1793 339 1879; x_wconf 75' lang='grc' dir='ltr'>διένειμε).</span> <span class='ocrx_word' id='word_1_89' title='bbox 375 1793 523 1879; x_wconf 87' lang='lat' dir='ltr'><strong>Denique</strong></span> <span class='ocrx_word' id='word_1_90' title='bbox 545 1795 698 1880; x_wconf 85' lang='lat' dir='ltr'>Iosephus</span> <span class='ocrx_word' id='word_1_91' title='bbox 714 1799 764 1874; x_wconf 89' lang='lat'><strong>16,</strong></span> <span class='ocrx_word' id='word_1_92' title='bbox 778 1799 808 1876; x_wconf 87' lang='grc'><strong>4,</strong></span> <span class='ocrx_word' id='word_1_93' title='bbox 823 1799 852 1875; x_wconf 99' lang='grc'><strong>5,</strong></span> <span class='ocrx_word' id='word_1_94' title='bbox 877 1805 1046 1883; x_wconf 77' lang='lat' dir='ltr'><strong>postquam</strong></span> <span class='ocrx_word' id='word_1_95' title='bbox 1069 1799 1212 1864; x_wconf 89' lang='lat' dir='ltr'><strong>narravit</strong></span> <span class='ocrx_word' id='word_1_96' title='bbox 1234 1818 1436 1881; x_wconf 81' lang='lat' dir='ltr'><strong>congressum</strong></span> <span class='ocrx_word' id='word_1_97' title='bbox 1459 1795 1541 1859; x_wconf 88' lang='lat' dir='ltr'><strong>inter</strong></span> 
     </span>
     <span class='ocr_line' id='line_1_14' title="bbox 176 1898 1539 1986; baseline -0.001 -24"><span class='ocrx_word' id='word_1_98' title='bbox 176 1899 348 1962; x_wconf 82' lang='lat' dir='ltr'><strong>Caesarem</strong></span> <span class='ocrx_word' id='word_1_99' title='bbox 370 1904 403 1962; x_wconf 91' lang='lat' dir='ltr'><strong>et</strong></span> <span class='ocrx_word' id='word_1_100' title='bbox 423 1898 580 1963; x_wconf 85' lang='lat' dir='ltr'><strong>Herodem</strong></span> <span class='ocrx_word' id='word_1_101' title='bbox 603 1900 780 1982; x_wconf 81' lang='lat' dir='ltr'><strong>Aquileiae,</strong></span> <span class='ocrx_word' id='word_1_102' title='bbox 809 1921 871 1984; x_wconf 94' lang='lat' dir='ltr'><strong>quo</strong></span> <span class='ocrx_word' id='word_1_103' title='bbox 895 1901 1017 1967; x_wconf 90' lang='lat' dir='ltr'><strong>scilicet</strong></span> <span class='ocrx_word' id='word_1_104' title='bbox 1039 1902 1204 1986; x_wconf 85' lang='lat' dir='ltr'><strong>Augustus</strong></span> <span class='ocrx_word' id='word_1_105' title='bbox 1227 1902 1315 1968; x_wconf 88' lang='lat' dir='ltr'><strong>uenit</strong></span> <span class='ocrx_word' id='word_1_106' title='bbox 1337 1922 1409 1966; x_wconf 89' lang='lat' dir='ltr'><strong>vere</strong></span> <span class='ocrx_word' id='word_1_107' title='bbox 1433 1919 1460 1962; x_wconf 91' lang='lat' dir='ltr'><strong>a.</strong></span> <span class='ocrx_word' id='word_1_108' title='bbox 1475 1899 1539 1962; x_wconf 81' lang='grc'><strong>742</strong></span> 
     </span>
     <span class='ocr_line' id='line_1_15' title="bbox 177 2001 1539 2090; baseline 0.001 -23"><span class='ocrx_word' id='word_1_109' title='bbox 177 2003 256 2068; x_wconf 90' lang='lat' dir='ltr'><strong>inde</strong></span> <span class='ocrx_word' id='word_1_110' title='bbox 276 2002 443 2068; x_wconf 80' lang='lat' dir='ltr'><strong>Tiberium</strong></span> <span class='ocrx_word' id='word_1_111' title='bbox 465 2003 506 2068; x_wconf 91' lang='lat' dir='ltr'><strong>ad</strong></span> <span class='ocrx_word' id='word_1_112' title='bbox 529 2003 650 2069; x_wconf 89' lang='lat' dir='ltr'><strong>bellum</strong></span> <span class='ocrx_word' id='word_1_113' title='bbox 673 2001 890 2069; x_wconf 78' lang='lat' dir='ltr'><strong>Pannonicum</strong></span> <span class='ocrx_word' id='word_1_114' title='bbox 913 2005 1077 2071; x_wconf 89' lang='lat' dir='ltr'><strong>dimittens</strong></span> <span class='ocrx_word' id='word_1_115' title='bbox 1102 2007 1156 2090; x_wconf 82' lang='lat' dir='ltr'><strong>(cf.</strong></span> <span class='ocrx_word' id='word_1_116' title='bbox 1176 2007 1235 2070; x_wconf 90' lang='lat' dir='ltr'><strong>Dio</strong></span> <span class='ocrx_word' id='word_1_117' title='bbox 1252 2007 1304 2082; x_wconf 85' lang='lat'><strong>54,</strong></span> <span class='ocrx_word' id='word_1_118' title='bbox 1322 2006 1382 2083; x_wconf 78' lang='lat'><strong>313</strong></span> <span class='ocrx_word' id='word_1_119' title='bbox 1411 2003 1539 2068; x_wconf 87' lang='lat' dir='ltr'><strong>Sueten.</strong></span> 
     </span>
     <span class='ocr_line' id='line_1_16' title="bbox 177 2105 1541 2195; baseline -0.003 -23"><span class='ocrx_word' id='word_1_120' title='bbox 177 2109 262 2190; x_wconf 76' lang='lat' dir='ltr'><strong>Aug.</strong></span> <span class='ocrx_word' id='word_1_121' title='bbox 279 2107 359 2192; x_wconf 90' lang='grc'>20),</span> <span class='ocrx_word' id='word_1_122' title='bbox 390 2113 576 2192; x_wconf 88' lang='lat' dir='ltr'><strong>antequam·</strong></span> <span class='ocrx_word' id='word_1_123' title='bbox 590 2117 728 2193; x_wconf 83' lang='lat' dir='ltr'><strong>exponat</strong></span> <span class='ocrx_word' id='word_1_124' title='bbox 755 2109 794 2173; x_wconf 91' lang='lat' dir='ltr'><strong>de</strong></span> <span class='ocrx_word' id='word_1_125' title='bbox 822 2109 1040 2175; x_wconf 87' lang='lat' dir='ltr'><strong>aedificatione</strong></span> <span class='ocrx_word' id='word_1_126' title='bbox 1068 2109 1177 2195; x_wconf 88' lang='lat' dir='ltr'><strong>oppidi</strong></span> <span class='ocrx_word' id='word_1_127' title='bbox 1201 2109 1371 2174; x_wconf 82' lang='lat' dir='ltr'><strong>Caesareae</strong></span> <span class='ocrx_word' id='word_1_128' title='bbox 1395 2105 1541 2170; x_wconf 88' lang='lat' dir='ltr'><strong>absoluta</strong></span> 
     </span>
     <span class='ocr_line' id='line_1_17' title="bbox 177 2208 1539 2300; baseline -0.004 -25"><span class='ocrx_word' id='word_1_129' title='bbox 177 2210 286 2275; x_wconf 75' lang='lat' dir='ltr'><strong>atat</strong></span> <span class='ocrx_word' id='word_1_130' title='bbox 304 2211 372 2295; x_wconf 87' lang='grc'><strong>(16,</strong></span> <span class='ocrx_word' id='word_1_131' title='bbox 390 2211 420 2288; x_wconf 90' lang='grc'><strong>5,</strong></span> <span class='ocrx_word' id='word_1_132' title='bbox 440 2211 483 2294; x_wconf 90' lang='grc'><strong>1),</strong></span> <span class='ocrx_word' id='word_1_133' title='bbox 505 2213 584 2276; x_wconf 88' lang='lat' dir='ltr'><strong>haec</strong></span> <span class='ocrx_word' id='word_1_134' title='bbox 605 2212 796 2297; x_wconf 81' lang='lat' dir='ltr'><strong>interponit:</strong></span> <span class='ocrx_word' id='word_1_135' title='bbox 820 2213 851 2276; x_wconf 84' lang='grc' dir='ltr'><strong>ἐν</strong></span> <span class='ocrx_word' id='word_1_136' title='bbox 875 2214 910 2278; x_wconf 81' lang='grc' dir='ltr'><strong>δὲ</strong></span> <span class='ocrx_word' id='word_1_137' title='bbox 931 2219 996 2284; x_wconf 82' lang='grc' dir='ltr'><strong>ταῖς</strong></span> <span class='ocrx_word' id='word_1_138' title='bbox 1019 2213 1158 2300; x_wconf 76' lang='grc' dir='ltr'>ὑστέραις</span> <span class='ocrx_word' id='word_1_139' title='bbox 1172 2209 1449 2298; x_wconf 80' lang='grc' dir='ltr'>ἡμέραιςἫρώδης</span> <span class='ocrx_word' id='word_1_140' title='bbox 1465 2208 1539 2271; x_wconf 68' lang='lat' dir='ltr'><strong>ebo·</strong></span> 
     </span>
     <span class='ocr_line' id='line_1_18' title="bbox 174 2309 1538 2402; baseline -0.003 -24"><span class='ocrx_word' id='word_1_141' title='bbox 174 2311 418 2400; x_wconf 77' lang='grc' dir='ltr'>ρεῖτοΚαίσαρα</span> <span class='ocrx_word' id='word_1_142' title='bbox 438 2315 617 2399; x_wconf 74' lang='grc' dir='ltr'>τριακοσίοις</span> <span class='ocrx_word' id='word_1_143' title='bbox 638 2318 801 2394; x_wconf 79' lang='grc' dir='ltr'><strong>ταλάντοις,</strong></span> <span class='ocrx_word' id='word_1_144' title='bbox 824 2315 901 2385; x_wconf 77' lang='grc' dir='ltr'>θέας</span> <span class='ocrx_word' id='word_1_145' title='bbox 922 2339 957 2381; x_wconf 76' lang='grc' dir='ltr'><strong>τε</strong></span> <span class='ocrx_word' id='word_1_146' title='bbox 979 2318 1030 2381; x_wconf 79' lang='grc' dir='ltr'><strong>καὶ</strong></span> <span class='ocrx_word' id='word_1_147' title='bbox 1054 2316 1199 2402; x_wconf 80' lang='grc' dir='ltr'>διανομὰς</span> <span class='ocrx_word' id='word_1_148' title='bbox 1218 2315 1393 2400; x_wconf 74' lang='grc' dir='ltr'>ποιούμενον</span> <span class='ocrx_word' id='word_1_149' title='bbox 1409 2309 1538 2400; x_wconf 74' lang='grc' dir='ltr'>τῷῬω-</span> 
     </span>
     <span class='ocr_line' id='line_1_19' title="bbox 177 2417 1539 2503; baseline -0.001 -22"><span class='ocrx_word' id='word_1_150' title='bbox 177 2418 276 2503; x_wconf 80' lang='grc' dir='ltr'>μαίων</span> <span class='ocrx_word' id='word_1_151' title='bbox 298 2418 400 2503; x_wconf 78' lang='grc' dir='ltr'>δήμῳ.</span> <span class='ocrx_word' id='word_1_152' title='bbox 451 2417 517 2482; x_wconf 87' lang='lat' dir='ltr'><strong>Ub&#39;i</strong></span> <span class='ocrx_word' id='word_1_153' title='bbox 539 2435 601 2484; x_wconf 88' lang='lat' dir='ltr'><strong>non</strong></span> <span class='ocrx_word' id='word_1_154' title='bbox 629 2419 773 2502; x_wconf 80' lang='lat' dir='ltr'><strong>intellegi</strong></span> <span class='ocrx_word' id='word_1_155' title='bbox 795 2440 911 2485; x_wconf 90' lang='lat' dir='ltr'><strong>munus</strong></span> <span class='ocrx_word' id='word_1_156' title='bbox 941 2419 1165 2503; x_wconf 83' lang='lat' dir='ltr'><strong>gladiatorium</strong></span> <span class='ocrx_word' id='word_1_157' title='bbox 1189 2418 1310 2484; x_wconf 86' lang='lat' dir='ltr'><strong>editum</strong></span> <span class='ocrx_word' id='word_1_158' title='bbox 1333 2419 1372 2482; x_wconf 91' lang='lat' dir='ltr'><strong>ab</strong></span> <span class='ocrx_word' id='word_1_159' title='bbox 1396 2420 1539 2498; x_wconf 85' lang='lat' dir='ltr'><strong>Augusto</strong></span> 
     </span>
     <span class='ocr_line' id='line_1_20' title="bbox 176 2515 1539 2608; baseline -0.003 -21"><span class='ocrx_word' id='word_1_160' title='bbox 176 2522 320 2588; x_wconf 85' lang='lat' dir='ltr'><strong>filiorum</strong></span> <span class='ocrx_word' id='word_1_161' title='bbox 342 2521 468 2587; x_wconf 91' lang='lat' dir='ltr'><strong>nomine</strong></span> <span class='ocrx_word' id='word_1_162' title='bbox 491 2523 753 2608; x_wconf 88' lang='lat' dir='ltr'><strong>quinquatribus,</strong></span> <span class='ocrx_word' id='word_1_163' title='bbox 780 2524 815 2588; x_wconf 91' lang='lat' dir='ltr'><strong>id</strong></span> <span class='ocrx_word' id='word_1_164' title='bbox 842 2531 892 2590; x_wconf 86' lang='lat' dir='ltr'><strong>est</strong></span> <span class='ocrx_word' id='word_1_165' title='bbox 914 2525 967 2590; x_wconf 90' lang='lat' dir='ltr'><strong>die</strong></span> <span class='ocrx_word' id='word_1_166' title='bbox 990 2526 1081 2590; x_wconf 86' lang='lat' dir='ltr'><strong>Mart.</strong></span> <span class='ocrx_word' id='word_1_167' title='bbox 1098 2527 1136 2590; x_wconf 89' lang='lat'><strong>19</strong></span> <span class='ocrx_word' id='word_1_168' title='bbox 1161 2545 1188 2590; x_wconf 91' lang='lat' dir='ltr'><strong>a.</strong></span> <span class='ocrx_word' id='word_1_169' title='bbox 1208 2524 1272 2588; x_wconf 80' lang='grc'><strong>742</strong></span> <span class='ocrx_word' id='word_1_170' title='bbox 1295 2521 1377 2603; x_wconf 89' lang='lat' dir='ltr'><strong>(Dio</strong></span> <span class='ocrx_word' id='word_1_171' title='bbox 1389 2521 1446 2597; x_wconf 83' lang='lat'><strong>53,</strong></span> <span class='ocrx_word' id='word_1_172' title='bbox 1464 2515 1539 2602; x_wconf 83' lang='grc'>23),</span> 
     </span>
     <span class='ocr_line' id='line_1_21' title="bbox 177 2617 1541 2714; baseline -0.002 -25"><span class='ocrx_word' id='word_1_173' title='bbox 177 2625 264 2710; x_wconf 89' lang='lat' dir='ltr'><strong>quod</strong></span> <span class='ocrx_word' id='word_1_174' title='bbox 280 2625 449 2710; x_wconf 84' lang='lat' dir='ltr'><strong>Zumptius</strong></span> <span class='ocrx_word' id='word_1_175' title='bbox 472 2625 536 2690; x_wconf 91' lang='lat' dir='ltr'><strong>sibi</strong></span> <span class='ocrx_word' id='word_1_176' title='bbox 557 2627 726 2712; x_wconf 82' lang='lat' dir='ltr'><strong>persuasit,</strong></span> <span class='ocrx_word' id='word_1_177' title='bbox 749 2627 891 2693; x_wconf 88' lang='lat' dir='ltr'><strong>declarat</strong></span> <span class='ocrx_word' id='word_1_178' title='bbox 912 2629 1034 2714; x_wconf 89' lang='lat' dir='ltr'><strong>inipso</strong></span> <span class='ocrx_word' id='word_1_179' title='bbox 1058 2627 1282 2694; x_wconf 84' lang='lat' dir='ltr'><strong>commentario</strong></span> <span class='ocrx_word' id='word_1_180' title='bbox 1298 2617 1541 2690; x_wconf 81' lang='lat' dir='ltr'><strong>commemorata</strong></span> 
     </span>
     <span class='ocr_line' id='line_1_22' title="bbox 176 2727 1539 2815; baseline -0.003 -21"><span class='ocrx_word' id='word_1_181' title='bbox 176 2736 321 2815; x_wconf 86' lang='lat' dir='ltr'><strong>potestas</strong></span> <span class='ocrx_word' id='word_1_182' title='bbox 335 2727 581 2809; x_wconf 79' lang='lat' dir='ltr'><strong>tribuniciam,</strong></span> <span class='ocrx_word' id='word_1_183' title='bbox 602 2750 684 2813; x_wconf 88' lang='lat' dir='ltr'><strong>quae</strong></span> <span class='ocrx_word' id='word_1_184' title='bbox 714 2730 817 2815; x_wconf 86' lang='lat' dir='ltr'><strong>coepit</strong></span> <span class='ocrx_word' id='word_1_185' title='bbox 839 2729 968 2796; x_wconf 88' lang='lat' dir='ltr'><strong>demum</strong></span> <span class='ocrx_word' id='word_1_186' title='bbox 992 2731 1060 2796; x_wconf 87' lang='lat' dir='ltr'><strong>eius</strong></span> <span class='ocrx_word' id='word_1_187' title='bbox 1089 2731 1164 2796; x_wconf 90' lang='lat' dir='ltr'><strong>anni</strong></span> <span class='ocrx_word' id='word_1_188' title='bbox 1192 2729 1244 2794; x_wconf 90' lang='lat' dir='ltr'><strong>die</strong></span> <span class='ocrx_word' id='word_1_189' title='bbox 1273 2731 1313 2795; x_wconf 82' lang='grc'><strong>27</strong></span> <span class='ocrx_word' id='word_1_190' title='bbox 1331 2731 1401 2794; x_wconf 90' lang='lat' dir='ltr'><strong>Iun.</strong></span> <span class='ocrx_word' id='word_1_191' title='bbox 1438 2729 1539 2792; x_wconf 89' lang='lat' dir='ltr'><strong>Immo</strong></span> 
     </span>
     <span class='ocr_line' id='line_1_23' title="bbox 175 2829 1538 2918; baseline -0.004 -19"><span class='ocrx_word' id='word_1_192' title='bbox 175 2831 383 2917; x_wconf 81' lang='lat' dir='ltr'><strong>cogitandum</strong></span> <span class='ocrx_word' id='word_1_193' title='bbox 416 2842 467 2898; x_wconf 89' lang='lat' dir='ltr'><strong>est</strong></span> <span class='ocrx_word' id='word_1_194' title='bbox 492 2833 533 2898; x_wconf 90' lang='lat' dir='ltr'><strong>de</strong></span> <span class='ocrx_word' id='word_1_195' title='bbox 560 2854 690 2900; x_wconf 89' lang='lat' dir='ltr'><strong>munere</strong></span> <span class='ocrx_word' id='word_1_196' title='bbox 720 2833 919 2917; x_wconf 81' lang='lat' dir='ltr'><strong>gladiatiorio</strong></span> <span class='ocrx_word' id='word_1_197' title='bbox 956 2835 991 2899; x_wconf 92' lang='lat' dir='ltr'><strong>in</strong></span> <span class='ocrx_word' id='word_1_198' title='bbox 1025 2835 1174 2900; x_wconf 88' lang='lat' dir='ltr'><strong>honorem</strong></span> <span class='ocrx_word' id='word_1_199' title='bbox 1204 2833 1364 2918; x_wconf 85' lang='lat' dir='ltr'><strong>Agrippae</strong></span> <span class='ocrx_word' id='word_1_200' title='bbox 1398 2829 1538 2895; x_wconf 81' lang='lat' dir='ltr'><strong>defuncti</strong></span> 
     </span>
     <span class='ocr_line' id='line_1_24' title="bbox 177 2936 1539 3022; baseline -0.003 -20"><span class='ocrx_word' id='word_1_201' title='bbox 177 2938 266 3003; x_wconf 89' lang='lat' dir='ltr'><strong>edito</strong></span> <span class='ocrx_word' id='word_1_202' title='bbox 288 2958 317 3001; x_wconf 93' lang='lat' dir='ltr'><strong>a.</strong></span> <span class='ocrx_word' id='word_1_203' title='bbox 334 2939 397 3001; x_wconf 80' lang='lat'><strong>747</strong></span> <span class='ocrx_word' id='word_1_204' title='bbox 423 2937 499 3022; x_wconf 89' lang='lat' dir='ltr'><strong>(Dio</strong></span> <span class='ocrx_word' id='word_1_205' title='bbox 516 2937 568 3015; x_wconf 83' lang='grc'><strong>55,</strong></span> <span class='ocrx_word' id='word_1_206' title='bbox 586 2939 622 3022; x_wconf 87' lang='lat'><strong>8)</strong></span> <span class='ocrx_word' id='word_1_207' title='bbox 645 2945 678 3003; x_wconf 89' lang='lat' dir='ltr'><strong>et</strong></span> <span class='ocrx_word' id='word_1_208' title='bbox 699 2938 739 3003; x_wconf 88' lang='lat' dir='ltr'><strong>de</strong></span> <span class='ocrx_word' id='word_1_209' title='bbox 763 2938 990 3022; x_wconf 84' lang='lat' dir='ltr'><strong>quadringenis</strong></span> <span class='ocrx_word' id='word_1_210' title='bbox 1014 2939 1169 3004; x_wconf 86' lang='lat' dir='ltr'><strong>sestertiis</strong></span> <span class='ocrx_word' id='word_1_211' title='bbox 1192 2939 1231 3003; x_wconf 91' lang='lat' dir='ltr'><strong>cb</strong></span> <span class='ocrx_word' id='word_1_212' title='bbox 1256 2936 1389 3001; x_wconf 89' lang='lat' dir='ltr'><strong>eandem</strong></span> <span class='ocrx_word' id='word_1_213' title='bbox 1412 2953 1539 2998; x_wconf 88' lang='lat' dir='ltr'><strong>causam</strong></span> 
     </span>
     <span class='ocr_line' id='line_1_25' title="bbox 177 3034 1540 3127; baseline -0.007 -19"><span class='ocrx_word' id='word_1_214' title='bbox 177 3040 291 3108; x_wconf 89' lang='lat' dir='ltr'><strong>statim</strong></span> <span class='ocrx_word' id='word_1_215' title='bbox 312 3046 387 3125; x_wconf 88' lang='lat' dir='ltr'><strong>post</strong></span> <span class='ocrx_word' id='word_1_216' title='bbox 407 3045 541 3106; x_wconf 90' lang='lat' dir='ltr'><strong>mortem</strong></span> <span class='ocrx_word' id='word_1_217' title='bbox 562 3039 651 3125; x_wconf 89' lang='lat' dir='ltr'><strong>plebi</strong></span> <span class='ocrx_word' id='word_1_218' title='bbox 674 3041 863 3108; x_wconf 86' lang='lat' dir='ltr'><strong>distributis.</strong></span> <span class='ocrx_word' id='word_1_219' title='bbox 903 3043 979 3108; x_wconf 87' lang='lat' dir='ltr'><strong>Dies</strong></span> <span class='ocrx_word' id='word_1_220' title='bbox 1004 3063 1066 3127; x_wconf 89' lang='lat' dir='ltr'><strong>quo</strong></span> <span class='ocrx_word' id='word_1_221' title='bbox 1090 3042 1157 3108; x_wconf 86' lang='lat' dir='ltr'><strong>deti</strong></span> <span class='ocrx_word' id='word_1_222' title='bbox 1180 3049 1255 3108; x_wconf 86' lang='lat' dir='ltr'><strong>sunt</strong></span> <span class='ocrx_word' id='word_1_223' title='bbox 1278 3039 1455 3124; x_wconf 87' lang='lat' dir='ltr'><strong>adscriptus</strong></span> <span class='ocrx_word' id='word_1_224' title='bbox 1479 3034 1540 3100; x_wconf 85' lang='lat' dir='ltr'><strong>luit</strong></span> 
     </span>
     <span class='ocr_line' id='line_1_26' title="bbox 176 3144 980 3229; baseline 0 -18"><span class='ocrx_word' id='word_1_225' title='bbox 176 3147 212 3211; x_wconf 92' lang='lat' dir='ltr'><strong>in</strong></span> <span class='ocrx_word' id='word_1_226' title='bbox 234 3145 329 3209; x_wconf 86' lang='lat' dir='ltr'><strong>fastis</strong></span> <span class='ocrx_word' id='word_1_227' title='bbox 351 3144 706 3229; x_wconf 80' lang='lat' dir='ltr'><strong>Ripatransonensibus,</strong></span> <span class='ocrx_word' id='word_1_228' title='bbox 730 3146 785 3210; x_wconf 86' lang='lat' dir='ltr'><strong>sed</strong></span> <span class='ocrx_word' id='word_1_229' title='bbox 809 3147 980 3211; x_wconf 76' lang='lat' dir='ltr'><strong>intercidit.</strong></span> 
     </span>
    </p>

    <p class='ocr_par' dir='ltr' id='par_1_6' title="bbox 177 3247 1544 4893">
     <span class='ocr_line' id='line_1_27' title="bbox 291 3247 1538 3333; baseline -0.002 -21"><span class='ocrx_word' id='word_1_230' title='bbox 291 3248 391 3313; x_wconf 84' lang='lat' dir='ltr'><strong>Sexta</strong></span> <span class='ocrx_word' id='word_1_231' title='bbox 412 3247 588 3314; x_wconf 85' lang='lat' dir='ltr'><strong>liberalitas</strong></span> <span class='ocrx_word' id='word_1_232' title='bbox 609 3249 696 3313; x_wconf 84' lang='lat' dir='ltr'><strong>iacta</strong></span> <span class='ocrx_word' id='word_1_233' title='bbox 715 3258 765 3312; x_wconf 87' lang='lat' dir='ltr'><strong>est</strong></span> <span class='ocrx_word' id='word_1_234' title='bbox 788 3249 829 3313; x_wconf 91' lang='lat' dir='ltr'><strong>ab</strong></span> <span class='ocrx_word' id='word_1_235' title='bbox 852 3250 997 3333; x_wconf 77' lang='lat' dir='ltr'><strong>Augusto</strong></span> <span class='ocrx_word' id='word_1_236' title='bbox 1020 3249 1053 3315; x_wconf 85' lang='lat' dir='ltr'><strong>ln</strong></span> <span class='ocrx_word' id='word_1_237' title='bbox 1077 3248 1248 3314; x_wconf 88' lang='lat' dir='ltr'><strong>tribunicia</strong></span> <span class='ocrx_word' id='word_1_238' title='bbox 1269 3251 1424 3332; x_wconf 82' lang='lat' dir='ltr'><strong>potestate</strong></span> <span class='ocrx_word' id='word_1_239' title='bbox 1447 3261 1538 3322; x_wconf 84' lang='lat' dir='ltr'><strong>xvlu,</strong></span> 
     </span>
     <span class='ocr_line' id='line_1_28' title="bbox 179 3348 1540 3430; baseline -0.005 -12"><span class='ocrx_word' id='word_1_240' title='bbox 179 3353 350 3418; x_wconf 86' lang='lat' dir='ltr'><strong>consulatu</strong></span> <span class='ocrx_word' id='word_1_241' title='bbox 371 3371 427 3430; x_wconf 73' lang='lat' dir='ltr'><strong>xer,</strong></span> <span class='ocrx_word' id='word_1_242' title='bbox 457 3351 491 3416; x_wconf 90' lang='lat' dir='ltr'><strong>id</strong></span> <span class='ocrx_word' id='word_1_243' title='bbox 515 3358 565 3418; x_wconf 86' lang='lat' dir='ltr'><strong>est</strong></span> <span class='ocrx_word' id='word_1_244' title='bbox 586 3373 614 3416; x_wconf 92' lang='lat' dir='ltr'><strong>a.</strong></span> <span class='ocrx_word' id='word_1_245' title='bbox 631 3354 696 3417; x_wconf 79' lang='grc'><strong>749</strong></span> <span class='ocrx_word' id='word_1_246' title='bbox 724 3353 807 3417; x_wconf 90' lang='lat' dir='ltr'><strong>inter</strong></span> <span class='ocrx_word' id='word_1_247' title='bbox 829 3354 928 3419; x_wconf 91' lang='lat' dir='ltr'><strong>Ian.l</strong></span> <span class='ocrx_word' id='word_1_248' title='bbox 955 3361 987 3419; x_wconf 88' lang='lat' dir='ltr'><strong>et</strong></span> <span class='ocrx_word' id='word_1_249' title='bbox 1009 3355 1077 3418; x_wconf 92' lang='lat' dir='ltr'><strong>lun.</strong></span> <span class='ocrx_word' id='word_1_250' title='bbox 1093 3355 1144 3430; x_wconf 92' lang='grc'><strong>26,</strong></span> <span class='ocrx_word' id='word_1_251' title='bbox 1176 3356 1285 3417; x_wconf 89' lang='lat' dir='ltr'><strong>octava</strong></span> <span class='ocrx_word' id='word_1_252' title='bbox 1313 3352 1347 3415; x_wconf 92' lang='lat' dir='ltr'><strong>in</strong></span> <span class='ocrx_word' id='word_1_253' title='bbox 1375 3348 1540 3414; x_wconf 88' lang='lat' dir='ltr'><strong>consulatu</strong></span> 
     </span>
     <span class='ocr_line' id='line_1_29' title="bbox 177 3454 1539 3540; baseline -0.004 -20"><span class='ocrx_word' id='word_1_254' title='bbox 177 3475 250 3535; x_wconf 78' lang='lat' dir='ltr'><strong>xm,</strong></span> <span class='ocrx_word' id='word_1_255' title='bbox 273 3472 371 3540; x_wconf 84' lang='lat' dir='ltr'><strong>qaam</strong></span> <span class='ocrx_word' id='word_1_256' title='bbox 385 3455 527 3540; x_wconf 87' lang='lat' dir='ltr'><strong>suscepit</strong></span> <span class='ocrx_word' id='word_1_257' title='bbox 540 3462 716 3520; x_wconf 83' lang='lat' dir='ltr'><strong>extremum</strong></span> <span class='ocrx_word' id='word_1_258' title='bbox 732 3455 874 3521; x_wconf 90' lang='lat' dir='ltr'><strong>omnium</strong></span> <span class='ocrx_word' id='word_1_259' title='bbox 898 3477 926 3524; x_wconf 88' lang='lat' dir='ltr'><strong>a.</strong></span> <span class='ocrx_word' id='word_1_260' title='bbox 940 3461 958 3521; x_wconf 81' lang='lat'><strong>7</strong></span> <span class='ocrx_word' id='word_1_261' title='bbox 962 3458 1014 3521; x_wconf 90' lang='grc'><strong>52.</strong></span> <span class='ocrx_word' id='word_1_262' title='bbox 1054 3455 1265 3520; x_wconf 87' lang='lat' dir='ltr'><strong>Probabiliter</strong></span> <span class='ocrx_word' id='word_1_263' title='bbox 1281 3454 1408 3520; x_wconf 90' lang='lat' dir='ltr'><strong>omnino</strong></span> <span class='ocrx_word' id='word_1_264' title='bbox 1423 3459 1539 3516; x_wconf 87' lang='lat' dir='ltr'><strong>utram-</strong></span> 
     </span>
     <span class='ocr_line' id='line_1_30' title="bbox 179 3555 1539 3645; baseline -0.005 -21"><span class='ocrx_word' id='word_1_265' title='bbox 179 3579 246 3645; x_wconf 87' lang='lat' dir='ltr'><strong>que</strong></span> <span class='ocrx_word' id='word_1_266' title='bbox 260 3559 469 3624; x_wconf 85' lang='lat' dir='ltr'><strong>Gasaubonus</strong></span> <span class='ocrx_word' id='word_1_267' title='bbox 490 3559 614 3628; x_wconf 82' lang='lat' dir='ltr'><strong>rettulit</strong></span> <span class='ocrx_word' id='word_1_268' title='bbox 636 3560 675 3623; x_wconf 88' lang='lat' dir='ltr'><strong>ad</strong></span> <span class='ocrx_word' id='word_1_269' title='bbox 700 3562 735 3626; x_wconf 86' lang='grc'><strong>6.</strong></span> <span class='ocrx_word' id='word_1_270' title='bbox 750 3568 783 3624; x_wconf 90' lang='lat' dir='ltr'><strong>et</strong></span> <span class='ocrx_word' id='word_1_271' title='bbox 797 3560 831 3623; x_wconf 87' lang='lat' dir='ltr'><strong>L.</strong></span> <span class='ocrx_word' id='word_1_272' title='bbox 848 3561 998 3625; x_wconf 83' lang='lat' dir='ltr'><strong>Caesares</strong></span> <span class='ocrx_word' id='word_1_273' title='bbox 1022 3561 1088 3626; x_wconf 89' lang='lat' dir='ltr'><strong>illis</strong></span> <span class='ocrx_word' id='word_1_274' title='bbox 1113 3560 1205 3624; x_wconf 87' lang='lat' dir='ltr'><strong>annis</strong></span> <span class='ocrx_word' id='word_1_275' title='bbox 1220 3560 1254 3624; x_wconf 91' lang='lat' dir='ltr'><strong>in</strong></span> <span class='ocrx_word' id='word_1_276' title='bbox 1271 3560 1373 3624; x_wconf 88' lang='lat' dir='ltr'><strong>forum</strong></span> <span class='ocrx_word' id='word_1_277' title='bbox 1390 3555 1539 3622; x_wconf 86' lang='lat' dir='ltr'><strong>deductos</strong></span> 
     </span>
     <span class='ocr_line' id='line_1_31' title="bbox 177 3657 1540 3749; baseline -0.005 -21"><span class='ocrx_word' id='word_1_278' title='bbox 177 3665 239 3749; x_wconf 85' lang='lat' dir='ltr'><strong>(cf.</strong></span> <span class='ocrx_word' id='word_1_279' title='bbox 262 3681 361 3747; x_wconf 88' lang='lat' dir='ltr'><strong>supra</strong></span> <span class='ocrx_word' id='word_1_280' title='bbox 383 3661 423 3726; x_wconf 86' lang='lat' dir='ltr'><strong>od</strong></span> <span class='ocrx_word' id='word_1_281' title='bbox 447 3663 477 3738; x_wconf 92' lang='grc'><strong>2,</strong></span> <span class='ocrx_word' id='word_1_282' title='bbox 494 3661 568 3745; x_wconf 88' lang='grc'>46),</span> <span class='ocrx_word' id='word_1_283' title='bbox 598 3683 672 3729; x_wconf 92' lang='lat' dir='ltr'><strong>cum</strong></span> <span class='ocrx_word' id='word_1_284' title='bbox 701 3664 888 3747; x_wconf 89' lang='lat' dir='ltr'><strong>praesertim</strong></span> <span class='ocrx_word' id='word_1_285' title='bbox 918 3664 1085 3747; x_wconf 88' lang='lat' dir='ltr'><strong>utriusque</strong></span> <span class='ocrx_word' id='word_1_286' title='bbox 1108 3664 1260 3746; x_wconf 74' lang='lat' dir='ltr'><strong>congiapii</strong></span> <span class='ocrx_word' id='word_1_287' title='bbox 1282 3682 1407 3726; x_wconf 90' lang='lat' dir='ltr'><strong>summa</strong></span> <span class='ocrx_word' id='word_1_288' title='bbox 1429 3657 1540 3722; x_wconf 87' lang='lat' dir='ltr'><strong>eadem</strong></span> 
     </span>
     <span class='ocr_line' id='line_1_32' title="bbox 178 3762 1540 3850; baseline -0.005 -18"><span class='ocrx_word' id='word_1_289' title='bbox 178 3768 226 3833; x_wconf 90' lang='lat' dir='ltr'><strong>sit</strong></span> <span class='ocrx_word' id='word_1_290' title='bbox 247 3766 415 3831; x_wconf 74' lang='lat' dir='ltr'><strong>ethaeum</strong></span> <span class='ocrx_word' id='word_1_291' title='bbox 438 3764 663 3830; x_wconf 77' lang='lat' dir='ltr'><strong>deductionem</strong></span> <span class='ocrx_word' id='word_1_292' title='bbox 685 3787 783 3831; x_wconf 90' lang='lat' dir='ltr'><strong>causa</strong></span> <span class='ocrx_word' id='word_1_293' title='bbox 804 3769 985 3850; x_wconf 78' lang='lat' dir='ltr'><strong>Augustum</strong></span> <span class='ocrx_word' id='word_1_294' title='bbox 1009 3773 1135 3832; x_wconf 86' lang='lat' dir='ltr'><strong>constet</strong></span> <span class='ocrx_word' id='word_1_295' title='bbox 1157 3764 1339 3830; x_wconf 89' lang='lat' dir='ltr'><strong>consulatus</strong></span> <span class='ocrx_word' id='word_1_296' title='bbox 1362 3762 1540 3848; x_wconf 88' lang='lat' dir='ltr'><strong>suscepisse</strong></span> 
     </span>
     <span class='ocr_line' id='line_1_33' title="bbox 178 3869 1540 3956; baseline -0.004 -20"><span class='ocrx_word' id='word_1_297' title='bbox 178 3869 407 3936; x_wconf 87' lang='lat' dir='ltr'><strong>duodecimum</strong></span> <span class='ocrx_word' id='word_1_298' title='bbox 429 3879 462 3934; x_wconf 88' lang='lat' dir='ltr'><strong>et</strong></span> <span class='ocrx_word' id='word_1_299' title='bbox 482 3870 614 3935; x_wconf 86' lang='lat' dir='ltr'><strong>tertium</strong></span> <span class='ocrx_word' id='word_1_300' title='bbox 637 3871 796 3936; x_wconf 84' lang='lat' dir='ltr'><strong>decimum</strong></span> <span class='ocrx_word' id='word_1_301' title='bbox 818 3871 924 3956; x_wconf 86' lang='lat' dir='ltr'><strong>(Suet.</strong></span> <span class='ocrx_word' id='word_1_302' title='bbox 943 3874 1023 3954; x_wconf 82' lang='lat' dir='ltr'><strong>Aug.</strong></span> <span class='ocrx_word' id='word_1_303' title='bbox 1041 3873 1108 3956; x_wconf 90' lang='grc'>26).</span> <span class='ocrx_word' id='word_1_304' title='bbox 1155 3869 1275 3935; x_wconf 85' lang='lat' dir='ltr'><strong>lladem</strong></span> <span class='ocrx_word' id='word_1_305' title='bbox 1298 3890 1337 3932; x_wconf 84' lang='lat' dir='ltr'><strong>ex</strong></span> <span class='ocrx_word' id='word_1_306' title='bbox 1359 3889 1456 3932; x_wconf 87' lang='lat' dir='ltr'><strong>causa</strong></span> <span class='ocrx_word' id='word_1_307' title='bbox 1477 3887 1540 3931; x_wconf 89' lang='lat' dir='ltr'><strong>non</strong></span> 
     </span>
     <span class='ocr_line' id='line_1_34' title="bbox 181 3972 1538 4058; baseline -0.004 -18"><span class='ocrx_word' id='word_1_308' title='bbox 181 3975 287 4040; x_wconf 89' lang='lat' dir='ltr'><strong>solum</strong></span> <span class='ocrx_word' id='word_1_309' title='bbox 311 3993 368 4058; x_wconf 89' lang='lat' dir='ltr'><strong>pro</strong></span> <span class='ocrx_word' id='word_1_310' title='bbox 392 3974 571 4040; x_wconf 85' lang='lat' dir='ltr'><strong>Germanici</strong></span> <span class='ocrx_word' id='word_1_311' title='bbox 593 3975 668 4040; x_wconf 89' lang='lat' dir='ltr'><strong>filiis</strong></span> <span class='ocrx_word' id='word_1_312' title='bbox 692 3975 816 4040; x_wconf 90' lang='lat' dir='ltr'><strong>Nerone</strong></span> <span class='ocrx_word' id='word_1_313' title='bbox 838 3983 870 4041; x_wconf 90' lang='lat' dir='ltr'><strong>et</strong></span> <span class='ocrx_word' id='word_1_314' title='bbox 892 3976 995 4040; x_wconf 89' lang='lat' dir='ltr'><strong>Druso</strong></span> <span class='ocrx_word' id='word_1_315' title='bbox 1020 3975 1170 4058; x_wconf 88' lang='lat' dir='ltr'><strong>(Sueton.</strong></span> <span class='ocrx_word' id='word_1_316' title='bbox 1196 3972 1266 4036; x_wconf 83' lang='lat' dir='ltr'><strong>Tib.</strong></span> <span class='ocrx_word' id='word_1_317' title='bbox 1280 3973 1338 4052; x_wconf 75' lang='lat'><strong>543</strong></span> <span class='ocrx_word' id='word_1_318' title='bbox 1367 3972 1440 4036; x_wconf 88' lang='lat' dir='ltr'><strong>Tac.</strong></span> <span class='ocrx_word' id='word_1_319' title='bbox 1466 3992 1538 4035; x_wconf 90' lang='lat' dir='ltr'><strong>ann.</strong></span> 
     </span>
     <span class='ocr_line' id='line_1_35' title="bbox 180 4075 1541 4163; baseline -0.005 -18"><span class='ocrx_word' id='word_1_320' title='bbox 180 4081 214 4158; x_wconf 88' lang='lat'><strong>3,</strong></span> <span class='ocrx_word' id='word_1_321' title='bbox 230 4081 290 4158; x_wconf 73' lang='lat'><strong>293</strong></span> <span class='ocrx_word' id='word_1_322' title='bbox 315 4078 445 4142; x_wconf 86' lang='lat' dir='ltr'><strong>Henaen</strong></span> <span class='ocrx_word' id='word_1_323' title='bbox 461 4077 563 4161; x_wconf 87' lang='grc'>6443)</span> <span class='ocrx_word' id='word_1_324' title='bbox 586 4084 618 4141; x_wconf 86' lang='lat' dir='ltr'><strong>et</strong></span> <span class='ocrx_word' id='word_1_325' title='bbox 640 4099 696 4163; x_wconf 90' lang='lat' dir='ltr'><strong>pro</strong></span> <span class='ocrx_word' id='word_1_326' title='bbox 719 4079 842 4143; x_wconf 88' lang='lat' dir='ltr'><strong>Nerone</strong></span> <span class='ocrx_word' id='word_1_327' title='bbox 866 4079 998 4144; x_wconf 88' lang='lat' dir='ltr'><strong>Claudio</strong></span> <span class='ocrx_word' id='word_1_328' title='bbox 1023 4078 1126 4162; x_wconf 82' lang='lat' dir='ltr'><strong>(Suet.</strong></span> <span class='ocrx_word' id='word_1_329' title='bbox 1143 4075 1216 4140; x_wconf 91' lang='lat' dir='ltr'><strong>Ner.</strong></span> <span class='ocrx_word' id='word_1_330' title='bbox 1227 4077 1262 4160; x_wconf 83' lang='lat'><strong>7)</strong></span> <span class='ocrx_word' id='word_1_331' title='bbox 1286 4075 1445 4159; x_wconf 79' lang='lat' dir='ltr'><strong>congiaria</strong></span> <span class='ocrx_word' id='word_1_332' title='bbox 1467 4075 1541 4138; x_wconf 89' lang='lat' dir='ltr'><strong>data</strong></span> 
     </span>
     <span class='ocr_line' id='line_1_36' title="bbox 181 4176 1540 4265; baseline -0.005 -17"><span class='ocrx_word' id='word_1_333' title='bbox 181 4189 269 4259; x_wconf 86' lang='lat' dir='ltr'><strong>sunt,</strong></span> <span class='ocrx_word' id='word_1_334' title='bbox 300 4181 357 4245; x_wconf 89' lang='lat' dir='ltr'><strong>sed</strong></span> <span class='ocrx_word' id='word_1_335' title='bbox 379 4180 495 4265; x_wconf 86' lang='lat' dir='ltr'><strong>privati</strong></span> <span class='ocrx_word' id='word_1_336' title='bbox 519 4200 644 4265; x_wconf 90' lang='lat' dir='ltr'><strong>quoque</strong></span> <span class='ocrx_word' id='word_1_337' title='bbox 666 4184 706 4246; x_wconf 91' lang='lat' dir='ltr'><strong>ob</strong></span> <span class='ocrx_word' id='word_1_338' title='bbox 735 4191 839 4265; x_wconf 86' lang='lat' dir='ltr'><strong>togam</strong></span> <span class='ocrx_word' id='word_1_339' title='bbox 863 4182 989 4246; x_wconf 84' lang='lat' dir='ltr'><strong>virilem</strong></span> <span class='ocrx_word' id='word_1_340' title='bbox 1017 4179 1127 4245; x_wconf 91' lang='lat' dir='ltr'><strong>liberis</strong></span> <span class='ocrx_word' id='word_1_341' title='bbox 1151 4176 1258 4244; x_wconf 89' lang='lat' dir='ltr'><strong>datam</strong></span> <span class='ocrx_word' id='word_1_342' title='bbox 1281 4179 1438 4264; x_wconf 84' lang='lat' dir='ltr'><strong>sportulas</strong></span> <span class='ocrx_word' id='word_1_343' title='bbox 1460 4177 1540 4242; x_wconf 89' lang='lat' dir='ltr'><strong>divi-</strong></span> 
     </span>
     <span class='ocr_line' id='line_1_37' title="bbox 182 4282 1539 4370; baseline -0.004 -19"><span class='ocrx_word' id='word_1_344' title='bbox 182 4289 258 4351; x_wconf 90' lang='lat' dir='ltr'><strong>dere</strong></span> <span class='ocrx_word' id='word_1_345' title='bbox 286 4285 432 4350; x_wconf 89' lang='lat' dir='ltr'><strong>solebant</strong></span> <span class='ocrx_word' id='word_1_346' title='bbox 455 4284 553 4369; x_wconf 90' lang='lat' dir='ltr'><strong>(Plin.</strong></span> <span class='ocrx_word' id='word_1_347' title='bbox 579 4285 617 4348; x_wconf 87' lang='lat' dir='ltr'><strong>ad</strong></span> <span class='ocrx_word' id='word_1_348' title='bbox 634 4285 718 4350; x_wconf 84' lang='lat' dir='ltr'><strong>Trai.</strong></span> <span class='ocrx_word' id='word_1_349' title='bbox 735 4288 822 4370; x_wconf 85' lang='lat'><strong>116).</strong></span> <span class='ocrx_word' id='word_1_350' title='bbox 876 4285 1051 4370; x_wconf 85' lang='lat' dir='ltr'><strong>Scriptores</strong></span> <span class='ocrx_word' id='word_1_351' title='bbox 1082 4284 1225 4348; x_wconf 90' lang='lat' dir='ltr'><strong>neutrius</strong></span> <span class='ocrx_word' id='word_1_352' title='bbox 1254 4283 1405 4366; x_wconf 85' lang='lat' dir='ltr'><strong>congiarii</strong></span> <span class='ocrx_word' id='word_1_353' title='bbox 1430 4282 1539 4348; x_wconf 89' lang='lat' dir='ltr'><strong>memi-</strong></span> 
     </span>
     <span class='ocr_line' id='line_1_38' title="bbox 180 4385 1540 4472; baseline -0.004 -16"><span class='ocrx_word' id='word_1_354' title='bbox 180 4397 309 4468; x_wconf 86' lang='lat' dir='ltr'><strong>nerant,</strong></span> <span class='ocrx_word' id='word_1_355' title='bbox 332 4389 397 4454; x_wconf 88' lang='lat' dir='ltr'><strong>nisi</strong></span> <span class='ocrx_word' id='word_1_356' title='bbox 418 4389 503 4472; x_wconf 89' lang='lat' dir='ltr'><strong>quod</strong></span> <span class='ocrx_word' id='word_1_357' title='bbox 525 4389 559 4453; x_wconf 92' lang='lat' dir='ltr'><strong>in</strong></span> <span class='ocrx_word' id='word_1_358' title='bbox 582 4390 756 4472; x_wconf 79' lang='lat' dir='ltr'><strong>fragmento</strong></span> <span class='ocrx_word' id='word_1_359' title='bbox 779 4389 889 4454; x_wconf 90' lang='lat' dir='ltr'><strong>Dionis</strong></span> <span class='ocrx_word' id='word_1_360' title='bbox 907 4390 1026 4466; x_wconf 84' lang='lat'><strong>55,10,</strong></span> <span class='ocrx_word' id='word_1_361' title='bbox 1051 4389 1090 4453; x_wconf 92' lang='lat' dir='ltr'><strong>de</strong></span> <span class='ocrx_word' id='word_1_362' title='bbox 1114 4407 1176 4471; x_wconf 90' lang='lat' dir='ltr'><strong>quo</strong></span> <span class='ocrx_word' id='word_1_363' title='bbox 1199 4386 1292 4451; x_wconf 89' lang='lat' dir='ltr'><strong>modo</strong></span> <span class='ocrx_word' id='word_1_364' title='bbox 1315 4385 1464 4463; x_wconf 83' lang='lat' dir='ltr'><strong>diximus,</strong></span> <span class='ocrx_word' id='word_1_365' title='bbox 1489 4405 1540 4450; x_wconf 85' lang='lat' dir='ltr'><strong>ex-</strong></span> 
     </span>
     <span class='ocr_line' id='line_1_39' title="bbox 181 4489 1542 4576; baseline -0.005 -16"><span class='ocrx_word' id='word_1_366' title='bbox 181 4504 286 4560; x_wconf 89' lang='lat' dir='ltr'><strong>tremo</strong></span> <span class='ocrx_word' id='word_1_367' title='bbox 308 4512 411 4558; x_wconf 86' lang='lat' dir='ltr'><strong>sermo</strong></span> <span class='ocrx_word' id='word_1_368' title='bbox 434 4498 483 4556; x_wconf 88' lang='lat' dir='ltr'><strong>est</strong></span> <span class='ocrx_word' id='word_1_369' title='bbox 504 4493 544 4558; x_wconf 94' lang='lat' dir='ltr'><strong>de</strong></span> <span class='ocrx_word' id='word_1_370' title='bbox 566 4493 757 4558; x_wconf 86' lang='lat' dir='ltr'><strong>liberalitate</strong></span> <span class='ocrx_word' id='word_1_371' title='bbox 781 4495 947 4576; x_wconf 82' lang='lat' dir='ltr'><strong>sexaginta</strong></span> <span class='ocrx_word' id='word_1_372' title='bbox 969 4493 1170 4560; x_wconf 86' lang='lat' dir='ltr'><strong>denariorum</strong></span> <span class='ocrx_word' id='word_1_373' title='bbox 1193 4493 1258 4576; x_wconf 82' lang='grc' dir='ltr'>(καὶ</span> <span class='ocrx_word' id='word_1_374' title='bbox 1280 4493 1322 4561; x_wconf 83' lang='grc' dir='ltr'><strong>ὥς</strong></span> <span class='ocrx_word' id='word_1_375' title='bbox 1343 4491 1378 4574; x_wconf 82' lang='grc' dir='ltr'><strong>γέ</strong></span> <span class='ocrx_word' id='word_1_376' title='bbox 1401 4514 1477 4560; x_wconf 78' lang='grc' dir='ltr'>τινες</span> <span class='ocrx_word' id='word_1_377' title='bbox 1492 4489 1542 4554; x_wconf 75' lang='grc' dir='ltr'><strong>λέ-</strong></span> 
     </span>
     <span class='ocr_line' id='line_1_40' title="bbox 181 4595 1544 4685; baseline -0.004 -22"><span class='ocrx_word' id='word_1_378' title='bbox 181 4619 271 4684; x_wconf 70' lang='grc' dir='ltr'>γουσι</span> <span class='ocrx_word' id='word_1_379' title='bbox 291 4595 363 4663; x_wconf 73' lang='grc' dir='ltr'><strong>καθ’</strong></span> <span class='ocrx_word' id='word_1_380' title='bbox 382 4596 435 4662; x_wconf 75' lang='grc' dir='ltr'><strong>ἕνα</strong></span> <span class='ocrx_word' id='word_1_381' title='bbox 457 4598 600 4682; x_wconf 72' lang='grc' dir='ltr'>ἑξήκοντα</span> <span class='ocrx_word' id='word_1_382' title='bbox 615 4598 752 4685; x_wconf 75' lang='grc' dir='ltr'>δραχμὰς</span> <span class='ocrx_word' id='word_1_383' title='bbox 767 4597 881 4683; x_wconf 78' lang='grc' dir='ltr'>ἔδωκε)</span> <span class='ocrx_word' id='word_1_384' title='bbox 904 4619 1001 4662; x_wconf 90' lang='lat' dir='ltr'><strong>causa</strong></span> <span class='ocrx_word' id='word_1_385' title='bbox 1016 4619 1079 4664; x_wconf 91' lang='lat' dir='ltr'><strong>non</strong></span> <span class='ocrx_word' id='word_1_386' title='bbox 1096 4596 1204 4661; x_wconf 88' lang='lat' dir='ltr'><strong>addita</strong></span> <span class='ocrx_word' id='word_1_387' title='bbox 1219 4602 1251 4660; x_wconf 90' lang='lat' dir='ltr'><strong>et</strong></span> <span class='ocrx_word' id='word_1_388' title='bbox 1265 4615 1298 4660; x_wconf 88' lang='lat' dir='ltr'><strong>re</strong></span> <span class='ocrx_word' id='word_1_389' title='bbox 1313 4595 1359 4660; x_wconf 89' lang='lat' dir='ltr'><strong>ita</strong></span> <span class='ocrx_word' id='word_1_390' title='bbox 1373 4595 1482 4672; x_wconf 86' lang='lat' dir='ltr'><strong>relata,</strong></span> <span class='ocrx_word' id='word_1_391' title='bbox 1504 4600 1544 4659; x_wconf 87' lang='lat' dir='ltr'><strong>ut</strong></span> 
     </span>
     <span class='ocr_line' id='line_1_41' title="bbox 181 4693 1542 4790; baseline -0.007 -21"><span class='ocrx_word' id='word_1_392' title='bbox 181 4710 251 4769; x_wconf 88' lang='lat' dir='ltr'><strong>tam</strong></span> <span class='ocrx_word' id='word_1_393' title='bbox 273 4701 315 4766; x_wconf 83' lang='lat' dir='ltr'><strong>ad</strong></span> <span class='ocrx_word' id='word_1_394' title='bbox 338 4721 367 4765; x_wconf 89' lang='lat' dir='ltr'><strong>a.</strong></span> <span class='ocrx_word' id='word_1_395' title='bbox 376 4704 439 4766; x_wconf 83' lang='grc'><strong>747</strong></span> <span class='ocrx_word' id='word_1_396' title='bbox 465 4703 623 4786; x_wconf 83' lang='lat' dir='ltr'><strong>quemad</strong></span> <span class='ocrx_word' id='word_1_397' title='bbox 648 4723 675 4768; x_wconf 91' lang='lat' dir='ltr'><strong>a.</strong></span> <span class='ocrx_word' id='word_1_398' title='bbox 690 4704 754 4769; x_wconf 82' lang='grc'><strong>752</strong></span> <span class='ocrx_word' id='word_1_399' title='bbox 777 4704 935 4790; x_wconf 88' lang='lat' dir='ltr'><strong>pertinere</strong></span> <span class='ocrx_word' id='word_1_400' title='bbox 958 4703 1069 4789; x_wconf 88' lang='lat' dir='ltr'><strong>possit,</strong></span> <span class='ocrx_word' id='word_1_401' title='bbox 1093 4693 1237 4770; x_wconf 63' lang='lat' dir='ltr'><strong>&#39;videatru</strong></span> <span class='ocrx_word' id='word_1_402' title='bbox 1259 4708 1364 4766; x_wconf 86' lang='lat' dir='ltr'><strong>tomen</strong></span> <span class='ocrx_word' id='word_1_403' title='bbox 1380 4699 1481 4784; x_wconf 84' lang='lat' dir='ltr'><strong>magis</strong></span> <span class='ocrx_word' id='word_1_404' title='bbox 1502 4697 1542 4762; x_wconf 85' lang='lat' dir='ltr'><strong>ad</strong></span> 
     </span>
     <span class='ocr_line' id='line_1_42' title="bbox 182 4805 1179 4893; baseline -0.002 -21"><span class='ocrx_word' id='word_1_405' title='bbox 182 4807 271 4872; x_wconf 87' lang='lat' dir='ltr'><strong>bunc</strong></span> <span class='ocrx_word' id='word_1_406' title='bbox 292 4805 494 4893; x_wconf 86' lang='lat' dir='ltr'><strong>pertinuisse.</strong></span> <span class='ocrx_word' id='word_1_407' title='bbox 1173 4827 1179 4834; x_wconf 90' lang='lat'>·</span> 
     </span>
    </p>
   </div>
   <div class='ocr_carea' id='block_1_6' title="bbox 0 0 1879 5517">
    <p class='ocr_par' dir='ltr' id='par_1_7' title="bbox 0 0 1879 5517">
     <span class='ocr_line' id='line_1_43' title="bbox 0 0 1879 5517; baseline 0 0"><span class='ocrx_word' id='word_1_408' title='bbox 0 0 1879 5517; x_wconf 95' lang='lat' dir='ltr'><strong> </strong></span> 
     </span>
    </p>
   </div>
  </div>
 </body>
</html>
