3734 5517
358 343 401 408 80
948 345 1115 411 uas-31

358 515 425 582 solo
453 517 590 600 Augusti
620 518 851 584 commentario.
906 517 1110 602 Temptatum
1139 515 1254 582 deinde
1282 537 1352 582 esse
1378 516 1550 603 imperium
1577 517 1717 585 feminae

358 619 409 684 cui
437 641 552 686 nomeu
580 621 688 699 Erato,
725 621 868 686 eiusdem
896 600 1024 686 omuino
1053 639 1140 703 quae·
1164 626 1258 684 antea
1285 627 1431 704 regnarat
1457 641 1530 685 cum
1558 621 1657 686 tratre
1686 627 1718 684 ct

357 723 470 788 marito
493 724 643 807 Tigrane,
672 723 728 789 sed
755 723 837 789 hanc
865 742 990 807 quoque
1019 723 1108 788 breui
1135 723 1263 807 pulsam
1294 744 1364 788 esse
1387 724 1516 790 Tacitus
1539 723 1642 791 addit.
1675 761 1716 776 -

358 828 477 891 Incerti
500 828 613 893 deinde
635 830 794 910 solutique
817 827 976 904 Armenii,
1005 825 1134 891 Tacitus
1157 827 1273 910 pergit,
1304 837 1334 893 et
1361 831 1466 910 mcpis
1496 831 1565 892 sinc
1588 830 1717 892 domino

358 951 450 1012 quum
479 935 512 996 in
540 934 687 998 libertate
717 935 888 1013 profugum
923 932 1071 997 Vononen
1104 934 1138 995 ia
1172 951 1301 1013 repausa
1336 933 1502 1012 recipiant.
1563 931 1718 995 Vononen

357 1040 464 1098 100000
492 1036 650 1120 recepisse
680 1035 829 1100 videntur
862 1041 934 1119 post
964 1039 1096 1100 mortem
1127 1033 1254 1100 demum
1285 1035 1436 1118 Augusti,
1470 1055 1528 1119 per
1558 1039 1717 1099 extremos

357 1144 464 1203 autem
487 1140 624 1222 Augusti
647 1159 745 1205 annos
769 1139 921 1222 Tigranes
944 1138 989 1216 is,
1019 1159 1116 1221 quem
1142 1144 1216 1221 post
1236 1139 1425 1204 Artavasdis
1452 1144 1588 1203 mortem
1610 1158 1718 1220 regem

358 1261 392 1306 00
414 1242 574 1307 Armeniis
597 1241 724 1306 misisse
746 1243 909 1326 Augustus
938 1241 1063 1319 scribit,
1093 1240 1186 1304 inane
1216 1242 1299 1324 regis
1320 1261 1435 1308 nomeu
1457 1242 1637 1308 obtinuisse
1660 1244 1718 1306 Ar-

357 1345 525 1410 meriaco
552 1352 691 1430 tempore
719 1365 792 1412 vere
821 1345 890 1410 sine
917 1345 1045 1410 domino
1076 1349 1198 1428 agente.
1256 1344 1346 1422 Quod
1375 1346 1540 1413 confirmat
1572 1345 1718 1429 aequalis

358 1447 471 1512 Strabo
495 1451 525 1526 6,
541 1451 610 1527 4,2
633 1471 663 1534 p.
681 1450 762 1526 288,
794 1448 986 1514 enumeratis
1009 1448 1151 1532 populis,
1176 1448 1233 1530 qui
1255 1468 1275 1512 a
1296 1449 1446 1514 Romanis
1469 1449 1615 1516 dominos
1639 1449 1718 1514 acci-

356 1558 481 1636 perent,
512 1553 559 1616 110
585 1573 737 1637 pergens:
776 1550 922 1638 Ἀρμένιοι
945 1553 980 1615 δὲ
1004 1589 1045 1598 -
1068 1551 1232 1637 παρουσίας
1255 1551 1372 1616 δέονται
1400 1551 1489 1637 μόνον
1518 1557 1577 1616 τῶν
1605 1554 1717 1636 isgpco-

358 1659 466 1743 μένων,
489 1659 591 1725 actor
614 1657 648 1720 δὲ
671 1659 863 1742 κρατοῦνται·
886 1655 1095 1740 νεωτερίζουσι
1116 1654 1151 1717 δὲ
1175 1655 1224 1718 διὰ
1245 1654 1298 1724 τὰς
1319 1659 1377 1719 τῶν
1394 1652 1559 1740 Ῥωμαίων
1582 1656 1717 1742 dcccxc-

357 1761 432 1830 λίας.
471 1759 623 1842 Tigranes
646 1757 702 1822 ille
725 1756 794 1822 sine
818 1757 913 1822 dubio
937 1757 965 1823 is
988 1764 1047 1834 est,
1070 1755 1109 1820 de
1134 1757 1224 1821 cuius
1247 1756 1343 1822 caede
1361 1777 1390 1824 a.
1402 1779 1433 1842 p.
1447 1758 1520 1824 Chr.
1534 1759 1578 1824 36
1593 1765 1718 1844 patrata

359 1868 573 1948 exposuerunt
594 1859 723 1926 Tacitus
748 1862 835 1945 (ann.
861 1862 890 1938 6,
908 1862 961 1927 40.
989 1861 1039 1936 14,
1056 1859 1114 1943 26)
1144 1867 1176 1924 et
1197 1860 1352 1945 Iosephus
1375 1861 1462 1946 (ant.
1483 1862 1533 1939 18,
1552 1864 1623 1942 5,4
1647 1863 1714 1928 coll.

361 1968 506 2043 17,1,1.
531 1967 550 2029 2
574 1969 606 2028 01
629 1964 702 2028 bell.
726 1963 794 2030 Iud.
823 1964 920 2040 1,28,
941 1964 993 2047 1).
1047 1961 1176 2027 Scilicet
1198 1963 1393 2042 Alexander,
1421 1964 1504 2048 regis
1526 1965 1715 2030 Iudaeorum

358 2069 492 2135 Herodis
516 2068 623 2150 Magni
646 2073 677 2132 01
699 2067 893 2134 Mariamnae
915 2067 1010 2144 filius,
1035 2087 1074 2130 ex
1097 2066 1257 2151 Glaphyro
1278 2067 1346 2132 filia
1367 2068 1517 2133 Archelai
1537 2069 1624 2152 regis
1640 2070 1716 2154 Cap

358 2173 508 2258 padociae
536 2172 642 2236 ultimi
671 2170 753 2236 filios
783 2171 862 2236 duos
892 2170 1032 2255 suscepit
1062 2169 1279 2234 Alexandrum
1314 2177 1348 2236 et
1373 2172 1549 2256 Tigranen,
1582 2193 1716 2256 quorum

361 2279 439 2344 alter
462 2277 615 2360 Tigranes
638 2279 808 2340 Armeniae
831 2277 988 2357 quondum
1013 2276 1137 2354 politas
1167 2274 1233 2358 (ita
1253 2273 1383 2340 Tacitus
1412 2276 1592 2341 accuratius
1622 2297 1716 2360 quam

358 2381 513 2466 Iosephus
544 2379 712 2467 βασιλεύων
741 2376 915 2464 Ἀρμενίας)
945 2397 1026 2461 ap.
1048 2377 1081 2440 C.
1104 2378 1145 2443 36
1176 2377 1298 2441 Tiberii
1325 2377 1415 2442 iussu
1446 2379 1487 2443 ad
1522 2379 1715 2464 supplicium

360 2486 474 2551 ductus
497 2489 625 2547 estnec
648 2481 766 2546 liberos
790 2481 927 2565 reliquit,
953 2481 1083 2547 alterius
1107 2488 1212 2545 autem
1233 2481 1294 2545 filii
1310 2482 1482 2546 Alexandri
1505 2482 1593 2546 filius
1610 2481 1714 2565 Tigra

360 2609 416 2652 nes
439 2593 549 2672 postea
571 2585 731 2650 aNeronc
747 2607 775 2652 a.
791 2607 822 2670 p.
840 2587 873 2650 C.
892 2587 934 2650 60
957 2605 1012 2649 rex
1028 2585 1198 2648 Armeniae
1219 2585 1320 2650 iactus
1342 2590 1400 2649 est.
1436 2584 1527 2649 Hanc
1542 2585 1715 2650 Alexandri

358 2692 489 2776 stirpem
513 2688 711 2754 coniunctam
734 2687 833 2752 fuisse
856 2709 928 2754 cum
943 2687 1096 2752 Armenia
1117 2687 1204 2771 regia
1226 2709 1299 2752 cum
1314 2688 1460 2772 Tigranis
1483 2708 1601 2752 nomen
1614 2688 1715 2774 prodit

357 2803 424 2860 tam
445 2792 511 2858 fiho
536 2811 630 2875 quam
653 2792 761 2876 nepoti
782 2791 957 2857 Alexandri
979 2790 1172 2876 impositum,
1203 2799 1273 2857 tum
1302 2793 1387 2876 quod
1409 2793 1592 2858 Neroniana
1617 2798 1713 2858 aetate

359 2919 398 2962 ex
424 2897 484 2960 hac
512 2895 610 2980 stirpe
638 2901 739 2960 ortum
769 2894 945 2980 principem
973 2895 1107 2958 Romani
1132 2895 1295 2960 Arsacidis
1322 2902 1552 2981 opposuerunt3
1582 2896 1714 2980 denique

359 3001 511 3085 Iosephus
536 2997 653 3063 hlud.
678 2999 707 3076 2,
727 3002 777 3076 11,
794 3001 829 3064 6:
859 3001 879 3082 ἡ
899 2997 1093 3082 Ἀλεξάνδρου
1118 2999 1218 3081 γενεὰ,
1240 2998 1356 3082 inquii,
1379 3005 1433 3084 τῆς
1455 3003 1593 3085 μεγάλης
1613 2999 1712 3086 'Appe-

358 3105 422 3174 νίας
442 3102 632 3190 ἐβασίλευσε.
671 3101 750 3166 Puto
774 3107 880 3166 autem
895 3099 1044 3165 Archelai
1066 3100 1148 3182 regis
1166 3101 1382 3187 Cappadociae
1404 3121 1547 3180 uxorem,
1572 3103 1713 3187 Tigranis

360 3207 464 3271 aviam
486 3210 660 3269 maternam
684 3203 776 3270 nobis
798 3203 940 3288 ignotam
963 3225 1002 3268 ex
1025 3202 1117 3269 domo
1132 3205 1285 3270 Armenia
1305 3207 1393 3289 regia
1407 3206 1562 3289 originem
1577 3207 1713 3273 duxisse.

358 3310 428 3372 Iam
447 3329 519 3372 cum
541 3328 579 3371 ex
601 3314 804 3372 monumento
827 3309 995 3392 Ancyrano
1018 3312 1140 3372 constet
1162 3309 1312 3373 extremis
1333 3310 1472 3393 Augusti
1494 3310 1588 3376 anuis
1612 3312 1714 3394 Tigra·

358 3432 433 3475 nem
456 3411 613 3494 quendam
629 3411 796 3476 Armeniae
811 3411 985 3496 imperasse
1005 3431 1045 3473 ex
1064 3409 1147 3493 regio
1168 3431 1282 3494 genere
1297 3413 1521 3478 Armeniorum
1536 3414 1712 3491 oriundum,

358 3515 393 3578 in
415 3514 499 3578 hunc
520 3518 587 3578 tam
609 3520 693 3578 recte
715 3513 907 3579 conveniunt
930 3512 1038 3579 omnia
1060 3534 1141 3596 quae
1164 3535 1184 3578 a
1206 3514 1314 3579 Tacito
1330 3515 1527 3600 Iosephoque
1549 3525 1713 3582 narrantur

359 3619 398 3682 de
414 3618 549 3701 Tigrane
573 3639 591 3682 a
612 3617 737 3682 Tiberio
759 3618 922 3682 interiecto
938 3617 1091 3682 Armenia
1113 3617 1272 3701 quondam
1292 3618 1392 3703 potito
1416 3625 1448 3684 et
1465 3619 1577 3702 aliqua
1597 3622 1715 3686 ratione

359 3723 399 3786 ad
422 3723 553 3807 stirpem
569 3720 753 3786 Armeniam
775 3721 892 3803 regiam
916 3720 1102 3805 pertinente,
1126 3728 1162 3786 ut
1183 3723 1361 3787 necessario
1381 3722 1468 3788 idem
1481 3723 1525 3788 sit
1539 3723 1714 3790 habendus.

360 3826 557 3890 Contrarium
580 3823 709 3908 quidem
732 3823 873 3888 defendit
894 3822 1105 3908 Nipperdeius
1134 3824 1176 3888 ad
1202 3823 1277 3888 Tac.
1301 3827 1332 3901 6,
1347 3827 1392 3889 40
1420 3825 1624 3905 Armeniam,
1653 3848 1715 3911 qua

359 3929 512 4011 Tigranes
529 3928 690 3994 aTiberio
705 3928 889 3992 interfectus
913 3927 1073 4010 quondam
1095 3927 1215 4013 potitus
1238 3928 1289 4006 011,
1313 3934 1457 3994 01010000
1476 3929 1634 3996 minorem
1648 3951 1715 3996 esse

360 4031 399 4096 ab
424 4050 482 4094 avo
506 4031 573 4095 eius
595 4031 749 4097 Archelao
773 4030 989 4116 Cappadociae
1011 4051 1083 4114 rege
1107 4031 1267 4114 quondam
1288 4051 1477 4116 possessam.
1531 4035 1576 4099 At
1604 4041 1637 4099 et
1658 4036 1715 4098 Ar·

359 4133 480 4210 menia,
516 4133 573 4198 ubi
601 4133 786 4218 simpliciter
816 4134 862 4198 ita
891 4133 1085 4219 appellatur,
1121 4135 1248 4202 omniuo
1281 4134 1382 4199 maior
1413 4142 1475 4214 001;
1511 4143 1543 4202 01
1574 4144 1715 4222 posteros

361 4235 550 4314 Alexandri,
573 4235 608 4301 id
631 4244 679 4301 001
701 4237 858 4320 Tigranen
879 4243 1064 4320 utrumque,
1094 4238 1275 4320 regnavisse
1297 4238 1331 4301 in
1353 4239 1472 4304 maiore
1493 4241 1647 4306 Armenia
1671 4241 1715 4304 di-

361 4347 442 4406 serte
464 4347 598 4406 testatur
615 4340 768 4426 Iosephus
791 4342 827 4426 (l.
845 4342 902 4424 c.)3
928 4342 1065 4425 denique
1086 4361 1150 4406 non
1172 4363 1334 4426 assequor,
1357 4365 1413 4410 cur
1434 4351 1610 4429 propterea,
1633 4343 1715 4427 quod

362 4465 439 4508 auus
461 4443 635 4508 Archelaus
658 4445 841 4510 Armeniam
870 4445 1025 4510 minorem
1047 4444 1217 4527 aliquando
1241 4445 1369 4524 habuit,
1401 4467 1500 4532 nepos
1529 4448 1594 4512 dici
1616 4447 1716 4531 possit

362 4567 399 4610 ea
420 4547 539 4631 potitus
561 4567 640 4614 esse.
