3734 5517
1470 387 1538 438 XXI

287 556 442 641 Exempla
459 576 539 639 quae
555 556 709 621 habemus
733 580 811 641 quas
829 558 1025 623 monumenti
1039 564 1146 644 partes
1162 560 1418 645 complectantur,
1443 580 1537 646 appa·

177 661 260 724 rebit
282 680 321 723 ex
344 660 496 726 laterculo
520 661 676 726 subiecto:

347 847 513 906 Busbequiani
650 848 742 896 (loeson
838 850 984 896 Tournefort
1051 850 1131 896 Lucas
1195 847 1383 916 Mordtmannl
1418 852 1502 899 Perrot

188 918 284 965 Tabula
392 918 468 965 1555.
603 922 783 967 5515151680.
875 921 951 967 1701.
1054 922 1130 969 1705.
1236 922 1313 968 1859.
1425 924 1500 969 1861.

233 1022 246 1073 1
397 1023 466 1075 1-4
648 1023 732 1075 1—27
1050 1024 1134 1078 1-31
1256 1027 1261 1038 ’

219 1128 246 1179 lI
387 1128 474 1180 1-14
647 1128 734 1181 1-13
829 1130 878 1181 edi.
889 1129 995 1182 21—32
1065 1130 1113 1182 int.

207 1232 246 1285 ΠΙ
404 1234 452 1285 int.
497 1270 500 1279 ,
667 1234 714 1285 int.
1064 1236 1111 1287 int.

208 1338 247 1391 IV
294 1337 390 1393 1—30.
402 1337 445 1391 38.
457 1338 564 1393 40—54
579 1337 674 1391 1—33.
697 1338 804 1391 40-54
1065 1340 1112 1393 int.

221 1445 246 1498 V
394 1443 463 1497 1-3
637 1442 742 1497 29—47
827 1444 876 1497 adi.
888 1444 994 1499 50-54
1065 1446 1112 1497 int.

209 1550 245 1602 VI
375 1549 397 1601 l.
408 1549 433 1601 9.
445 1548 478 1601 13
674 1576 706 1584 -
1066 1550 1113 1603 int.

179 1752 343 1815 Praeterea
364 1754 566 1813 monumento
590 1750 757 1831 Ancyrano
780 1746 986 1811 describendo
1011 1767 1137 1831 operam
1162 1748 1316 1812 dedemnt
1338 1748 1386 1812 hi:

91 1896 92 1945 1
201 1886 237 1970 1)
260 1890 387 1950 1155155
409 1882 620 1947 Massiliensis
645 1881 820 1947 secuudum
842 1903 880 1945 ea
903 1902 984 1964 quae
1008 1882 1120 1947 scribit
1144 1882 1373 1947 Sainte-Crcix
1394 1884 1429 1946 in
1452 1903 1536 1947 com-

91 1974 92 1987 *
263 1988 429 2054 mentariis
459 1986 639 2062 academiae
663 1985 827 2050 Parisinae
857 1987 953 2069 (11151.
982 1989 1020 2049 de
1044 1986 1225 2050 l’uocdemie
1248 1990 1303 2051 des
1325 1990 1536 2069 inscriptions

263 2092 377 2159 15147
403 2113 431 2158 a.
449 2091 533 2155 1809
557 2110 588 2173 p.
601 2092 653 2153 91.
672 2090 735 2169 93)
758 2088 890 2153 titulum
913 2089 1083 2173 descripsit
1105 2110 1168 2153 non
1197 2089 1350 2154 consultis
1381 2090 1535 2175 exemplis

263 2196 376 2271 editis,
411 2195 466 2257 sed
496 2216 645 2259 successu
673 2201 738 2258 tam
762 2194 900 2271 infelici,
928 2202 966 2258 ut
994 2196 1028 2257 in
1056 2196 1173 2278 pagina
1201 2194 1340 2258 secunda
1368 2196 1473 2259 finiret
1501 2196 1536 2259 iu

263 2322 294 2364 11.
309 2300 370 2375 28,
401 2297 526 2380 reliqua
555 2297 662 2361 dicens
693 2304 978 2363 151551515511555.
1024 2298 1291 2375 Bonumfactum
1313 2298 1425 2381 igitur,
1450 2297 1536 2381 quod

263 2406 323 2468 hoo
346 2402 527 2485 exemplum
550 2402 709 2466 ineditum
731 2402 858 2469 mansit.
894 2402 983 2466 Idem
1007 2403 1118 2467 scribit
1139 2409 1263 2487 partem
1278 2424 1312 2467 se
1328 2404 1535 2488 descripsisse

263 2506 419 2572 versionis
443 2506 588 2583 Graecae,
614 2505 669 2569 sed
693 2506 826 2569 schedas
849 2505 993 2590 periisse.

201 2646 239 2728 2)
263 2645 399 2707 Kinoeir
421 2640 544 2723 Auglus
567 2641 602 2704 in
622 2641 784 2705 itinerario
801 2642 918 2725 (1818)
934 2663 966 2724 p.
980 2643 1022 2705 70
1044 2649 1153 2705 551151
1175 2648 1297 2726 septem
1320 2663 1354 2705 se
1371 2642 1438 2706 dies
1460 2642 1535 2705 huic

263 2745 357 2810 titulo
381 2744 588 2809 describendo
611 2744 816 2829 impendisse.
863 2745 952 2821 Quod
977 2744 1158 2829 exemplum
1180 2746 1298 2830 pariter
1321 2746 1408 2813 latet.

201 2886 241 2969 3)
265 2884 427 2946 1151511155
451 2881 502 2963 (l,
524 2881 611 2965 421)
635 2880 714 2945 item
742 2886 849 2944 narrat
879 2881 957 2945 duos
988 2881 1056 2945 dies
1086 2902 1120 2944 se
1152 2880 1277 2945 dedisse
1305 2881 1398 2945 titulo
1422 2880 1534 2945 Latino

264 2984 481 3060 describendo,
506 3005 601 3068 quem
624 3005 687 3049 non
711 2984 820 3049 edidit.

200 3124 238 3206 4)
267 3125 379 3186 Teates
408 3121 506 3205 (Acie
534 3125 672 3183 minuare
697 3123 724 3197 l,
752 3124 812 3184 177
827 3122 891 3204 sq.)
922 3120 1035 3184 scribit
1062 3121 1233 3185 contulisse
1263 3141 1296 3182 se
1327 3140 1400 3183 cum
1428 3118 1534 3203 lapide

264 3224 410 3309 exempla
439 3224 525 3288 edita
547 3244 647 3307 eaque
678 3246 712 3288 55
742 3225 988 3308 deprehendisse
1016 3246 1072 3310 pre
1097 3246 1132 3289 ec
1157 3232 1380 3308 temporeque
1404 3231 1535 3308 excepta

264 3339 371 3394 essent
394 3328 472 3393 55115
496 3328 662 3392 emendata
685 3349 764 3392 5555.
799 3330 909 3412 lpsum
931 3335 1172 3393 monumentum
1187 3334 1254 3391 tam
1269 3328 1423 3391 Graecum
1439 3348 1534 3409 quam

264 3433 413 3497 Latinum
434 3432 481 3497 ita
502 3432 658 3517 proponit,
682 3439 717 3496 ut
740 3454 779 3495 ex
802 3432 895 3496 editis
919 3439 1121 3496 recensuerat
1144 3432 1294 3513 liggerus.

205 3570 241 3652 5)
264 3571 366 3632 Barth
395 3587 423 3633 a.
438 3568 522 3631 1858
552 3568 713 3651 Ancyram
743 3567 822 3631 adiit
850 3566 960 3651 ibique
989 3566 1158 3651 descripsit
1187 3575 1310 3653 partem
1338 3565 1534 3631 monumenti

268 3675 297 3749 5,
318 3673 469 3747 10-30,
495 3691 556 3753 quo
581 3671 752 3754 specimine
775 3671 876 3755 ipsius
902 3671 1052 3735 beneficio
1076 3692 1153 3735 usus
1177 3693 1257 3735 sum.
