3734 5517
332 328 397 382 XIV

350 524 494 568 nummos
567 502 695 568 tertium
768 503 889 568 uiritim
963 503 1038 567 dedi
1111 502 1198 587 quali
1271 525 1342 569 mea
1412 505 1572 587 congiaria
1644 507 1782 569 frumenti

351 651 650 669 ..........
696 627 774 671 num
847 627 1010 690 uunquam
1081 606 1187 671 minus
1261 606 1493 691 quinquaginta
1559 614 1591 673 et
1659 609 1782 673 ducenta

243 714 273 788 3,
287 731 315 777 15
354 755 790 773 ..............
821 710 869 774 sia
941 710 1286 796 duodeuigintesimum
1357 712 1466 776 consul
1541 714 1690 777 trecentis
1759 724 1782 779 et

351 815 465 897 uiginti
528 814 672 879 millibus
736 814 839 899 plebis
902 815 1042 879 urbanae
1107 834 1278 897 sexagenos
1336 813 1482 881 denarios
1538 816 1661 881 uiritim
1720 818 1782 882 dedi

352 926 383 984 et
442 918 548 1002 quinis
605 918 744 983 militum
799 932 956 983 meorum·
1003 918 1112 983 consul
1168 919 1316 1002 quintmn
1371 940 1410 983 ex
1466 920 1616 985 manibiis
1671 922 1782 987 uiritim

352 1024 454 1089 millia
507 1044 672 1087 nummum
725 1022 850 1104 singula
906 1022 979 1087 dedi
1035 1028 1222 1108 acceperunt
1272 1023 1306 1087 id
1354 1024 1546 1110 triumphale
1599 1011 1783 1109 congiarium

351 1130 384 1193 in
436 1128 573 1193 colonias
624 1127 787 1192 hominum
838 1126 961 1192 circiter
1012 1134 1138 1193 centum
1190 1134 1221 1191 et
1271 1127 1388 1210 uiginti
1436 1128 1551 1201 millio,
1591 1132 1704 1195 consul
1747 1138 1785 1195 ter

287 1254 315 1297 ao
352 1234 433 1298 tium
474 1232 631 1297 decimum
670 1251 840 1314 sexagenos
877 1232 1021 1297 denarios
1056 1232 1143 1317 plebi
1178 1252 1260 1315 quae
1296 1240 1366 1299 tum
1403 1234 1596 1298 frumentum
1630 1235 1785 1319 publicum

354 1358 425 1401 acce
449 1379 589 1396 .....
619 1333 692 1399 dedi
715 1355 751 1397 ea
772 1334 876 1399 millia
897 1335 1060 1400 hominum
1082 1335 1190 1420 paullo
1209 1333 1251 1418 ¹⁸)
1274 1335 1367 1421 plura
1390 1357 1485 1420 quam
1509 1336 1645 1403 ducenta
1666 1340 1786 1403 fuerunt

353 1483 688 1501 ...........
720 1439 803 1521 agris
833 1459 911 1522 quos
940 1440 975 1503 in
1003 1439 1169 1504 consulatu
1196 1459 1265 1504 meo
1289 1437 1400 1523 quarto
1424 1448 1456 1505 et
1477 1448 1588 1526 postea
1610 1444 1784 1508 consulibus

351 1563 456 1609 marco
468 1542 511 1627 17)
549 1550 581 1606 et
618 1564 665 1606 cn.
705 1542 825 1607 lentulo
864 1563 981 1626 augure
1014 1543 1180 1626 adsignaui
1216 1543 1374 1608 militibus
1412 1546 1495 1610 solui
1532 1546 1718 1631 municipiis
1754 1569 1785 1631 pa

353 1692 758 1709 .............
783 1647 897 1713 ertium
920 1648 1043 1713 circiter
1066 1668 1199 1730 seligens
1222 1654 1267 1713 im
1290 1647 1413 1713 itineris
1437 1649 1514 1714 emit
1536 1670 1632 1733 quam
1654 1653 1785 1715 romanis

287 1774 316 1817 ae
352 1773 427 1838 prae
452 1795 592 1813 .....
621 1752 786 1816 numeraui
816 1759 847 1817 et
881 1796 1489 1815 ...................
1515 1753 1598 1837 quod
1628 1775 1686 1839 pro
1715 1757 1786 1838 agris

352 1856 600 1942 prouincialibus
630 1856 711 1921 solui
746 1901 1053 1918 ..........
1083 1878 1166 1921 unus
1189 1863 1221 1921 et
1243 1856 1330 1921 solus
1353 1856 1494 1921 omnium
1518 1857 1574 1940 qui
1597 1858 1787 1923 deduxerunt

278 1998 282 2002 ·
353 1961 491 2026 colonias
591 1960 730 2025 militum
826 1961 860 2026 in
960 1962 1116 2047 prouintis
1129 1962 1169 2045 ¹⁸)
1265 1960 1306 2025 ad
1399 1961 1585 2027 memoriam
1683 1964 1787 2028 aetatis

352 2087 440 2131 meae
471 2065 532 2129 ieci
560 2072 669 2150 postea
702 2082 819 2130 nerone
854 2073 885 2130 et
917 2087 966 2133 cn.
994 2067 1104 2151 pisone
1140 2066 1323 2131 consulibus
1351 2066 1492 2149 itemque
1521 2112 1529 2127 .
1555 2112 1563 2127 .
1611 2068 1788 2150 gantissimo

354 2178 386 2234 et
413 2170 443 2234 d.
467 2170 541 2233 lelio
571 2169 754 2234 consulibus
778 2215 786 2230 .
811 2215 818 2230 .
843 2214 851 2231 .
878 2216 897 2253 5
911 2214 1622 2233 ......................
1646 2172 1789 2236 messalla

288 2296 316 2339 oo
353 2274 537 2339 consulibus
571 2280 603 2339 et
635 2274 657 2337 l.
693 2272 817 2337 caninio
852 2279 882 2338 et
916 2294 947 2357 q.
982 2274 1113 2339 fabricio
1152 2259 1335 2339 consulibus
1378 2318 1587 2335 .......
1619 2296 1699 2359 quos
1730 2296 1789 2339 eme

354 2377 424 2441 ritis
448 2376 615 2462 stipendiis
638 2377 672 2441 in
696 2396 754 2441 sua
776 2377 950 2461 municipia
978 2422 1153 2438 ......
1183 2396 1292 2461 praem
1315 2421 1788 2440 ................

354 2481 494 2566 persolui
516 2502 612 2564 quam
650 2525 790 2541 .....
826 2480 860 2545 in
887 2488 954 2545 sest
987 2526 1195 2542 .......
1226 2480 1296 2545 mili
1319 2526 1791 2544 ...............

354 2585 496 2670 impendi

354 2695 465 2775 quater
488 2735 496 2751 .
522 2736 529 2751 .
555 2735 562 2751 .
588 2735 595 2751 .
621 2690 689 2761 ,aui
723 2690 879 2754 aerarium
912 2690 959 2755 ita
997 2698 1033 2755 nt
1066 2690 1247 2755 sestertium
1280 2689 1383 2753 millia
1416 2734 1790 2753 ............

289 2816 317 2859 ee
355 2796 528 2878 quingenta
550 2792 677 2885 (iodim)
724 2840 731 2855 .
756 2840 764 2855 .
789 2839 797 2855 .
889 2796 958 2859 rani
981 2795 1100 2859 aerario
1124 2793 1225 2859 detuli
1254 2838 1791 2857 .................

357 2942 1162 2960 .........................
1188 2897 1791 2981 quodexconsilio.........

357 3046 1161 3065 .........................
1185 3001 1343 3067 militibus
1372 3002 1449 3086 quin

357 3150 794 3169 ..............
819 3106 1791 3172 meruissentssemil...................

355 3255 826 3273 ...............
851 3211 993 3276 odetuli

288 3330 328 3381 ao
356 3359 792 3377 ..............
818 3336 866 3379 cn.
896 3338 927 3401 p.
958 3315 1080 3381 lentulo
1110 3360 1118 3375 .
1144 3360 1152 3375 .
1177 3360 1185 3375 .
1209 3314 1279 3379 ules
1309 3316 1437 3379 luerunt
1465 3337 1536 3381 cum
1573 3315 1661 3379 d..
1698 3340 1783 3383 ceren

356 3464 793 3481 ..............
823 3425 949 3485 centum
979 3403 1122 3485 millibus
1150 3417 1313 3486 hominum
1348 3462 1356 3477 ·
1382 3462 1390 3478 .
1416 3463 1423 3478 .
1448 3463 1457 3479 .
1482 3462 1491 3479 .
1516 3464 1523 3479 .
1549 3464 1557 3479 .
1583 3464 1591 3480 .
1617 3465 1625 3482 .
1651 3466 1659 3481 .
1699 3443 1719 3485 o
1753 3424 1766 3485 f

640 3528 644 3535 '
769 3527 990 3589 desideraretur
1012 3527 1146 3607 quinque
1169 3526 1271 3587 lineae

247 3631 320 3705 4,1
359 3628 479 3693 curiam
546 3633 577 3691 et
644 3626 783 3691 contines
799 3625 840 3710 ²⁰)
908 3634 941 3690 et
1008 3626 1217 3691 calehidicum
1275 3624 1493 3710 templumque
1533 3627 1710 3711 apollinis
1771 3631 1776 3643 '

357 3734 475 3818 palatio
527 3754 599 3799 cum
649 3731 821 3817 porticibus
874 3730 983 3795 aedem
1037 3729 1105 3795 diui
1153 3729 1224 3794 iulii
1274 3729 1415 3815 lupercal
1464 3730 1621 3815 porticum
1667 3735 1714 3798 ad
1760 3734 1782 3797 c'

357 3858 429 3901 cum
471 3837 647 3903 flaminium
686 3856 780 3919 quem
817 3856 888 3900 sum
906 3827 908 3830 ’
926 3834 1079 3921 appellari
1117 3855 1230 3919 passus
1277 3855 1315 3897 ex
1358 3835 1485 3898 nomine
1534 3835 1603 3899 eius
1651 3839 1712 3920 qui
1757 3861 1775 3923 p

358 3962 442 4007 orem
481 3941 589 4006 eodem
633 3941 667 4005 iu
706 3940 771 4005 solo
817 3940 933 4004 iecerat
978 3937 1136 4003 octauiani
1179 3937 1329 4022 puluinar
1372 3937 1413 4001 ad
1458 3938 1578 4004 circum
1623 3942 1770 4007 maximo

308 4066 321 4110 5
360 4046 453 4111 aedes
490 4045 524 4110 in
563 4044 708 4129 capitolio
746 4043 827 4108 iouis
865 4042 1040 4127 feretrii,²¹)
1086 4049 1118 4106 et
1154 4042 1236 4106 iouis
1273 4042 1413 4109 tonantis
1451 4041 1562 4108 aedem
1610 4046 1782 4127 quirinis²²

360 4151 453 4215 aedes
492 4147 664 4233 mundo²³)
707 4156 738 4213 et
774 4148 900 4214 iunonis
940 4192 1146 4210 .......
1192 4153 1225 4212 ot
1259 4147 1343 4212 iouis
1381 4147 1537 4212 libertatis
1575 4147 1611 4211 in
1651 4153 1782 4216 anentin

362 4254 469 4334 aedem
516 4253 617 4317 larum
664 4252 696 4315 in
743 4274 866 4318 summa
911 4272 1001 4318 sacra
1044 4251 1098 4316 uia
1142 4251 1251 4316 aedem
1297 4250 1392 4316 deum
1436 4252 1602 4336 penatium
1644 4253 1682 4318 in
1722 4256 1783 4320 ueli

359 4357 470 4423 aedem
547 4355 718 4421 iuuentatis
772 4355 906 4421 'aedem
983 4355 1093 4420 matris
1176 4355 1338 4438 magdelae
1421 4355 1461 4425 in,
1540 4356 1660 4440 palatio
1748 4362 1763 4423 f

361 4462 526 4527 sertorium
542 4460 584 4545 ²⁴)
615 4468 646 4524 et
678 4461 859 4545 pompeium
886 4461 1044 4525 theatrum
1073 4467 1243 4542 utrumque
1272 4479 1350 4543 opus
1381 4459 1525 4544 impensa
1561 4461 1676 4541 grandi
1713 4466 1776 4527 rete

340 4712 376 4777 ¹⁶)
396 4714 506 4782 peulov
591 4710 628 4777 ¹⁷)
651 4728 673 4765 c.
693 4714 771 4765 ineo
861 4708 896 4772 18)
918 4712 1093 4778 prouinciisv
1184 4708 1220 4770 ¹⁹)
1243 4689 1370 4773 1>an
1406 4712 1487 4762 deoc
1572 4708 1610 4771 ²⁰)
1633 4715 1775 4766 continens

249 4802 290 4866 Ἡ)
311 4803 432 4856 feretrio
541 4798 577 4862 22)
596 4801 691 4868 quirini
710 4820 724 4849 v
830 4794 867 4861 ²³)
886 4798 1008 4851 mundine
1027 4820 1055 4876 vy
1147 4795 1185 4862 ²⁴)
1204 4801 1331 4850 certorum
1399 4833 1411 4843 .
