3734 5517
646 365 799 420 rmvnvs
819 365 1035 422 TIBVRTINVS
1453 370 1516 435 129

160 536 341 604 candorem.
385 540 420 615 Q.
437 539 608 604 Caerellius
631 545 795 624 praeterea
816 539 901 623 quod
924 540 1023 605 sciam
1043 560 1107 605 non
1131 541 1321 620 nominatur,
1344 561 1402 606 uec
1416 543 1515 628 patris

161 642 230 706 eius
253 642 437 707 memoriam
460 642 556 708 aliam
578 643 696 721 inveni,
721 665 815 727 quem
839 644 956 708 titulus
970 644 1111 710 declarat
1130 645 1270 730 legatum
1285 645 1384 710 fuisse
1400 647 1442 710 M.
1452 648 1516 711 An·

158 746 257 823 tonii,
288 745 402 811 deinde
429 747 665 832 proconsulem,
697 748 780 812 sicut
802 748 888 812 filius
910 749 1052 833 primum
1072 749 1195 832 legatus
1217 749 1267 812 Ti.
1283 751 1422 833 Augusti
1443 750 1514 828 fuit,

160 849 275 914 deinde
297 851 465 935 proconsul
487 852 547 934 (cf.
564 850 658 917 Orell.
677 853 795 936 3141).
847 851 914 916 Hoc
946 853 1032 916 enim
1056 853 1159 936 magis
1180 853 1286 938 placet
1308 875 1404 937 quam
1432 855 1514 937 quod

158 955 325 1038 proposuit
338 955 515 1032 Hennenus,
539 954 574 1018 in
595 954 688 1019 titulo
709 955 809 1040 patris
830 975 962 1037 procos.
986 961 1163 1021 extremum
1181 957 1338 1041 pertinere
1354 957 1394 1022 ad
1409 958 1516 1042 ipsum

159 1057 199 1144 M.
208 1059 399 1139 Antonium3
416 1079 475 1122 uec
486 1057 704 1124 difficultatem
715 1059 813 1123 habet
824 1079 938 1126 nomen
950 1059 1085 1124 Antonii
1094 1061 1226 1136 nudum,
1246 1081 1319 1124 cum
1330 1062 1515 1145 praesertim

160 1183 223 1228 uon
236 1163 329 1227 facile
341 1162 384 1226 sit
398 1161 548 1238 indicare,
566 1162 720 1245 quomodo
732 1162 766 1226 in
779 1161 879 1244 elogio
892 1169 995 1226 aetate
1006 1163 1210 1247 imperatoria
1218 1164 1345 1250 publice
1357 1166 1516 1250 proposito

159 1268 248 1333 locus
266 1287 362 1350 quem
383 1267 411 1330 is
431 1266 465 1330 iu
481 1266 643 1350 republica
658 1266 823 1342 tenuisset,
848 1265 1033 1350 praesertim
1050 1272 1189 1331 extremo
1206 1273 1346 1351 tempore
1360 1275 1432 1353 post
1446 1271 1515 1334 dni·

159 1379 229 1436 tum
242 1371 376 1435 alterum
391 1369 607 1434 triumviratus
625 1370 887 1454 quinquennium,
904 1370 1067 1436 commode
1080 1372 1221 1458 potnerit
1234 1371 1346 1435 efferri.
1378 1372 1517 1447 Offendit

160 1483 268 1540 autem
291 1475 416 1539 omnino
439 1473 472 1537 in
496 1473 650 1537 eiusmodi
672 1473 765 1538 titulo
794 1473 912 1538 mentio
935 1474 997 1538 viri
1018 1475 1188 1539 memoriae
1211 1473 1393 1553 damnatae,
1424 1478 1514 1541 cuius
1573 1557 1578 1564 ι

157 1600 272 1645 nomen
290 1581 452 1661 Augustus
468 1598 530 1642 non
552 1577 655 1642 solum
668 1577 702 1641 in
719 1578 942 1643 commentario
957 1579 1122 1663 praeteriit
1136 1580 1181 1663 (r.
1197 1601 1227 1663 p.
1239 1579 1327 1664 136),
1345 1580 1399 1644 sed
1417 1582 1514 1648 etiarn

157 1705 232 1758 cum
259 1683 311 1748 avi
340 1703 379 1748 ex
407 1681 497 1753 lastis
526 1680 663 1768 publicis
692 1681 780 1746 eradi
807 1681 901 1748 iussit
930 1683 989 1765 (0.
1004 1681 1029 1746 Ι.
1046 1683 1081 1746 L.
1105 1683 1120 1746 I
1142 1683 1283 1767 peta).
1334 1683 1405 1749 Nisi
1433 1687 1512 1753 sorte

157 1788 277 1853 mentio
298 1787 358 1850 illa
379 1786 546 1850 coniuncta
574 1793 622 1850 est
650 1806 723 1849 cum
748 1786 892 1850 eiusdem
913 1786 1083 1853 memoriae
1105 1787 1314 1864 restitutione,
1345 1788 1434 1861 cuius
1462 1811 1514 1854 ve·
1570 1823 1575 1830 ·

157 1893 251 1976 stigia
272 1892 373 1956 iidem
395 1890 468 1954 lasti
492 1895 631 1966 servant,
663 1889 747 1954 faeta
773 1909 835 1954 nou
859 1897 925 1954 tam
952 1890 1127 1974 imperante
1150 1890 1282 1955 Claudio
1310 1891 1378 1956 eius
1401 1902 1513 1978 nepote

157 2018 254 2080 quam
277 1997 452 2080 imperante
474 1998 644 2079 pronepote
668 1993 734 2057 eius
759 1993 792 2057 0.
810 1992 965 2076 Caligula,
991 1993 1113 2057 scilicet
1136 1992 1192 2076 qui
1214 1995 1386 2059 Antoniam
1409 1996 1513 2062 aviam

155 2101 355 2166 carissimam
377 2099 508 2166 haberet
530 2097 727 2182 summisque
750 2096 920 2165 honoribus
944 2103 1070 2163 ornaret
1091 2095 1235 2182 (Sueten.
1253 2098 1422 2180 Calig.15;
1451 2101 1513 2166 Dio

155 2206 205 2282 59,
225 2205 261 2283 33
288 2202 559 2285 aetherales).
614 2201 703 2279 Quod
726 2201 888 2266 sisarum
910 2208 975 2277 est,
1004 2201 1119 2266 titulus
1142 2201 1367 2276 Caerelliorum
1388 2205 1512 2289 positus

153 2315 200 2386 cst
223 2327 290 2372 non
311 2307 486 2391 imperante
509 2305 651 2381 Tiberio,
683 2305 738 2368 sed
763 2313 832 2390 post
855 2312 990 2370 mortem
1013 2305 1082 2368 eius
1105 2305 1156 2389 (p.
1171 2305 1292 2390 037).
1317 2347 1359 2356 -
1383 2308 1510 2391 Legatio

152 2413 310 2498 praeturio
333 2411 410 2486 iure,
436 2429 532 2493 quam
548 2408 719 2473 anrellius
742 2415 800 2486 ter,
824 2407 994 2494 Paelignus
1010 2409 1060 2473 bis
1076 2409 1164 2485 obiit,
1188 2416 1320 2492 uterque
1336 2418 1409 2475 ante
1423 2432 1511 2495 prae

151 2525 269 2594 turam,
293 2515 345 2579 hic
369 2535 407 2578 ex
430 2522 558 2578 senatus
582 2513 723 2577 consulto
747 2520 780 2577 et
801 2514 986 2578 auctoritate
1001 2511 1049 2577 Ti.
1064 2513 1217 2590 Caesaris,
1242 2515 1311 2578 sine
1332 2514 1397 2579 ullo
1413 2514 1510 2581 dubio

150 2643 213 2686 non
240 2627 290 2685 est
311 2618 491 2705 provinciae
516 2617 747 2682 administratio
769 2618 851 2703 ipsa,
873 2617 930 2681 sed
945 2615 1120 2681 adsessoris
1135 2617 1273 2682 officium
1287 2617 1322 2682 in
1336 2619 1510 2702 provinciis

150 2725 304 2790 senatorii
332 2724 411 2788 iuris
439 2722 550 2805 legatis
573 2728 794 2808 propraetore
824 2722 1037 2786 commissum.
1087 2721 1168 2786 Nam
1192 2729 1224 2787 et
1246 2724 1414 2808 opponitur
1436 2723 1510 2788 huic

148 2829 304 2914 legationi
326 2829 359 2893 iu
382 2827 476 2892 titulo
499 2826 603 2911 priore
626 2826 764 2908 officium
787 2826 883 2910 legati
898 2826 1037 2909 Augusti
1056 2846 1115 2892 uec
1137 2826 1288 2892 credibile
1304 2833 1352 2891 est
1366 2827 1509 2895 homines

148 2955 212 3000 non
236 2931 410 3019 praetorios
432 2932 531 2995 factos
554 2951 624 2994 esse
639 2930 758 3014 legatos
774 2929 920 3014 Augusti,
944 2951 1016 2994 eum
1038 2930 1139 3014 legati
1151 2929 1330 2995 adsessores
1345 2952 1407 2995 non
1422 2953 1510 3015 prae-

148 3041 222 3105 torii
253 3037 376 3124 passim
405 3036 606 3100 inveniantur
634 3035 719 3122 (Dio
740 3037 798 3114 53,
825 3038 880 3114 143
911 3035 1043 3100 Henzen
1061 3036 1157 3101 5450.
1181 3036 1277 3100 6007.
1299 3036 1394 3098 6012.
1412 3036 1508 3099 6051.

147 3145 239 3210 6498
252 3142 339 3226 cet).
390 3139 533 3210 Putarim
562 3145 667 3203 autem
691 3138 810 3221 legatos
839 3139 896 3204 hos
926 3139 1025 3203 luisse
1054 3138 1277 3224 proconsulum
1299 3158 1423 3216 eorum,
1454 3139 1510 3222 qui

145 3271 204 3334 per
235 3245 410 3312 triennium
432 3243 635 3309 bienniumve
658 3243 854 3328 provinciam
875 3243 1048 3308 retinerent
1079 3249 1111 3307 et
1134 3263 1205 3306 cum
1227 3240 1390 3326 provincia
1412 3242 1509 3308 etiam

146 3355 287 3438 legatos,
317 3357 355 3414 ut
370 3349 499 3436 iteratio
522 3347 556 3411 iu
585 3347 636 3410 his
659 3346 762 3411 titulis
784 3353 962 3411 memorata
986 3367 1048 3410 uon
1071 3353 1137 3410 tam
1159 3347 1287 3431 propria
1308 3347 1404 3410 fuerit
1425 3347 1508 3430 lega-

144 3467 265 3534 torum,
290 3475 386 3540 quarn
410 3475 429 3518 a
451 3453 691 3538 proconsulibus
715 3459 783 3515 orta
806 3449 988 3534 adlegatos
1012 3451 1218 3515 descenderit.

260 3559 406 3642 Denique
429 3555 621 3621 monendum
644 3562 701 3631 est,
734 3553 817 3638 quod
840 3553 981 3618 diximus
1003 3554 1202 3618 iterationem
1225 3553 1507 3620 administrationis

142 3663 355 3752 provincialia
379 3682 440 3726 non
465 3660 600 3736 admitti,
624 3659 688 3724 nisi
709 3659 766 3723 ubi
787 3658 952 3744 provincia
965 3658 1077 3722 eadem
1091 3659 1144 3736 sit,
1167 3659 1201 3722 id
1216 3679 1281 3722 non
1293 3657 1451 3741 pertinere
1466 3656 1507 3720 ad

141 3769 260 3835 titulos
292 3766 411 3830 saeculi
439 3764 553 3848 quarti.
606 3763 656 3826 lta
683 3763 716 3826 iu
746 3761 840 3826 titulo
863 3759 959 3825 Orell.
974 3759 1060 3826 3764
1083 3762 1117 3828 L.
1134 3762 1254 3825 Nonius
1266 3760 1366 3823 Verus
1390 3759 1506 3826 dicitur

141 3879 191 3939 bis
220 3871 426 3953 eorreotlor),
450 3871 587 3948 Apuliae
607 3877 637 3929 et
655 3867 868 3949 Colutlriae),
886 3867 1085 3930 Veneriorum
1107 3867 1283 3940 ‹at-Istriae,
1306 3863 1504 3928 Caecilianus

139 3979 269 4044 ibidem
285 3979 336 4040 bis
352 3973 562 4055 rattouwlts),
586 3973 675 4034 urbis
693 3973 788 4034 ltomc
804 3981 834 4034 et
850 3973 1004 4052 Africam
1026 3971 1102 4034 item
1119 3970 1152 4034 0.
1171 3969 1298 4034 Caelius
1313 3967 1504 4033 Saturninus
1587 4032 1592 4043 ,

138 4085 171 4148 in
196 4081 299 4150 titulo
323 4098 423 4162 nuper
445 4081 567 4162 reperto
590 4097 682 4140 reeca
705 4078 843 4142 arcttol.
865 4097 958 4140 noae.
980 4082 1043 4139 atr.
1067 4074 1163 4138 volt
1186 4075 1304 4159 (1862)
1327 4095 1359 4160 p.
1369 4073 1434 4138 389
1457 4077 1501 4136 ci·

139 4193 258 4253 carius
278 4183 540 4267 praetlcetoram)
567 4181 817 4262 praeteristis,
846 4184 880 4243 a'n
901 4182 979 4243 urbe
1000 4181 1101 4243 Roma
1123 4189 1154 4242 at
1172 4200 1233 4260 per
1256 4181 1388 4262 illyrica.
1432 4175 1502 4239 Sed
1590 4212 1591 4215 =

137 4295 179 4358 ab
205 4289 391 4372 antiquiore
416 4293 447 4350 et
469 4285 609 4368 legitimo
630 4305 692 4348 usu
715 4283 793 4348 talia
816 4283 993 4348 abhorrent.
