3734 5517
1444 419 1552 472 XXVII

193 597 239 661 ibi
269 616 387 662 nomen
410 595 479 659 eius
501 600 538 659 ut
567 614 622 677 par
651 598 718 657 erat
748 593 917 677 adscripsi3
949 597 1058 657 contra
1084 592 1181 656 tacite
1203 593 1309 677 recepi
1331 593 1552 677 supplementa

193 700 357 782 vulgaria,
388 697 422 760 id
446 703 494 760 est
518 717 554 761 ea
578 716 658 779 quae
682 717 744 760 non
769 696 824 778 qui
853 696 997 759 inveniat
1018 694 1197 759 laudandus
1221 696 1277 771 sit,
1307 696 1364 759 sed
1386 696 1552 780 reprehen-

192 802 316 867 dendus
340 802 397 885 qui
419 820 483 864 non
505 800 656 865 inveniat.
682 836 723 845 -
753 799 872 863 Graeca
895 819 932 863 ea
954 798 1093 863 maxime
1115 818 1197 880 quae
1220 798 1384 864 adinvenit
1405 799 1552 865 Perrotus

192 907 283 991 (nam
306 906 341 971 in
363 904 610 968 Hamiltonianis
626 902 777 967 Francius
799 903 864 967 iam
886 903 1046 987 pleraque,
1061 908 1145 965 recte
1168 901 1340 986 ordinavit)
1364 924 1436 968 mea
1458 924 1554 967 causa

192 1008 359 1073 constituit
381 1008 594 1073 Kircbhoffius
618 1006 748 1071 amicus.
763 1012 795 1070 et
817 1005 953 1088 collega,
986 1005 1076 1070 cuius
1100 1025 1170 1069 esse
1193 1005 1300 1069 omnia
1321 1006 1429 1090 paullo
1452 1008 1553 1089 magis

191 1114 353 1197 exquisita
375 1120 407 1177 et
429 1116 555 1197 repertu
571 1109 759 1187 difficiliora,
784 1121 850 1175 tem
867 1131 912 1187 ea,
938 1111 1056 1193 quibus
1071 1130 1186 1175 nomen
1202 1109 1270 1174 sius
1286 1109 1441 1194 adscripsi
1457 1132 1554 1193 quarn

190 1218 247 1281 ubi
271 1237 335 1281 non
359 1222 407 1282 est
430 1216 635 1299 adscriptum,
661 1214 739 1279 scito
763 1216 819 1298 qui
841 1215 919 1279 haec
934 1216 1027 1297 leget.
1062 1214 1110 1279 Ex
1124 1214 1383 1298 interpretatione
1400 1224 1554 1298 quantum

191 1320 434 1405 profecerimus,
465 1338 527 1383 non
557 1338 635 1401 opus
659 1324 708 1383 est
731 1317 963 1396 demonstrare;
996 1337 1058 1382 non
1082 1317 1186 1383 solum
1209 1303 1350 1402 explevit
1378 1338 1417 1381 ea
1444 1320 1554 1405 ingenf

190 1432 256 1489 tem
282 1423 416 1499 hiatum,
446 1424 502 1505 qui
525 1422 694 1506 intercepit
716 1422 845 1487 tabulae
869 1424 989 1508 primae
1011 1444 1123 1487 versus
1146 1422 1284 1487 sedecim
1299 1428 1474 1506 postremos
1489 1425 1555 1487 fere

191 1532 289 1604 totos,
321 1526 378 1591 sed
409 1527 506 1591 etiam
534 1525 607 1591 aliis
630 1526 708 1590 locis
731 1527 879 1611 plurimis
907 1527 941 1591 in
964 1533 1054 1612 parte
1076 1527 1191 1591 Latina
1213 1526 1297 1591 male
1319 1526 1439 1591 habitis
1461 1548 1554 1612 opem

192 1632 278 1696 tulit.
331 1632 407 1716 ipsa
429 1637 536 1695 tamen
559 1650 617 1693 nec
647 1630 725 1693 satis
751 1630 870 1694 Graeca
897 1638 946 1695 est
967 1652 1071 1714 neque
1095 1631 1214 1716 scripta
1235 1632 1276 1695 ab
1298 1630 1426 1696 homine
1448 1653 1555 1697 rerum

193 1736 313 1821 perito,
344 1754 458 1819 nempe
486 1754 539 1811 eo,
571 1734 626 1816 qui
654 1733 769 1818 puerili
799 1754 902 1798 errore
930 1735 965 1799 in
988 1735 1110 1799 Latinis
1134 1737 1169 1811 2,
1189 1738 1228 1798 17
1253 1736 1443 1801 vocabulum
1470 1738 1554 1820 quod

194 1846 241 1903 est
271 1848 424 1919 quattuor
458 1858 521 1902 non
552 1836 593 1900 ad
622 1836 756 1919 collegia
784 1836 956 1913 rettulerit,
987 1837 1042 1901 sed
1073 1838 1113 1901 ad
1143 1838 1320 1902 sacerdotes
1348 1839 1458 1922 itaque
1487 1861 1556 1905 sen·

193 1942 328 2007 tentiam
350 1940 445 2024 plane
470 1940 657 2024 perverterit
685 1944 729 2023 (v.
753 1941 862 2025 par).
912 1940 1091 2005 Praeterea·
1105 1942 1227 2026 passim
1253 1941 1409 2024 quaedam
1438 1944 1554 2022 omisit,

193 2044 332 2111 maxime
355 2064 437 2127 quae
460 2042 589 2107 difficile
612 2042 719 2107 visum
742 2049 791 2107 est
812 2043 938 2127 proprie
960 2050 1082 2108 vertere
1104 2045 1331 2130 topographica
1354 2046 1422 2129 (ita
1438 2047 1507 2111 Lat.
1524 2049 1554 2124 2,

195 2150 235 2214 29
259 2152 355 2213 iacta
377 2150 484 2213 cedem
504 2150 645 2211 Honoris
669 2158 699 2211 et
721 2148 856 2211 Virtutis
862 2170 876 2221 ,·
904 2147 973 2213 Lat.
986 2150 1017 2223 4,
1036 2149 1078 2212 20
1099 2149 1245 2233 pontium
1265 2150 1408 2227 nomina3
1442 2151 1510 2215 Lat.
1525 2156 1555 2229 6,

195 2253 235 2317 33
249 2254 427 2333 puluinar),
451 2249 508 2314 sed
532 2250 628 2315 etiam
651 2250 717 2315 solo
741 2249 906 2315 brevitatis
922 2249 1029 2315 studio
1046 2250 1202 2334 quaedam
1217 2254 1374 2317 contraxit
1396 2254 1442 2337 (v.
1458 2256 1554 2320 inscr.

196 2363 226 2421 et
246 2356 365 2437 Late,
384 2356 435 2439 1),
467 2353 531 2419 alia
562 2376 637 2419 casu
662 2354 837 2440 praeteriit,
868 2361 905 2419 ut
927 2356 1080 2421 Artaxiae
1109 2376 1225 2420 nomeu
1248 2357 1283 2432 5,
1301 2358 1356 2438 253
1387 2358 1422 2421 in
1450 2359 1557 2423 verbis

197 2466 303 2525 autem
326 2459 406 2525 iuris
428 2458 551 2543 publici
566 2459 780 2523 Romanorum
803 2458 973 2524 reddendis
994 2466 1138 2545 apertum
1155 2467 1204 2524 est
1218 2482 1313 2546 saepe
1329 2482 1401 2526 eum
1415 2462 1557 2526 haesisse

85 2612 86 2621 ,
197 2571 227 2627 et
247 2562 377 2649 propria
404 2561 581 2627 reddidisse
612 2562 833 2627 communibus
863 2562 930 2627 sive
960 2583 1019 2627 sua
1048 2562 1142 2647 culpa
1164 2562 1232 2627 sive
1259 2564 1330 2649 ipsa
1352 2564 1462 2648 lingua
1483 2565 1558 2630 defi·

85 2660 87 2745 J
197 2668 309 2731 ciente.
362 2666 478 2730 Contra
504 2686 666 2747 nusquam
695 2665 733 2731 de
763 2686 819 2730 suo
851 2666 1022 2750 quicquam
1046 2666 1180 2746 addidit3
1216 2688 1290 2733 nam
1318 2670 1402 2752 quod
1425 2671 1558 2736 civicam

85 2788 87 2793 ’
197 2790 347 2837 coronam
370 2771 389 2833 6
396 2818 405 2846 ,
425 2772 464 2833 17
489 2769 585 2833 vertit
615 2770 663 2832 τὸν
688 2770 802 2854 δρύινον
832 2770 977 2856 στέφανον
1007 2772 1057 2835 τδν
1088 2770 1242 2855 διδόμενον
1267 2773 1315 2835 ἐπὶ
1338 2774 1471 2859 σωτηρίᾳ
1499 2780 1558 2838 τῶν

196 2878 335 2951 πολιτῶν,
360 2892 423 2937 non
446 2872 571 2938 excedit
594 2872 733 2937 officium
755 2872 937 2956 interpretis
952 2879 1118 2959 potestque
1140 2868 1274 2938 totidem
1290 2876 1396 2941 verbis
1412 2878 1559 2963 desump-

196 2986 264 3045 tum
288 2998 358 3043 esse
382 2998 422 3041 ex
436 2977 599 3060 glossariis
616 2976 845 3042 Graecoletinis
862 2978 976 3043 aetatis
992 2980 1164 3061 Augustae.
1201 2978 1355 3044 Similiter
1370 2980 1559 3046 dictaturam

197 3080 357 3167 expressit
378 3102 435 3165 per
458 3080 654 3160 ’,αὐτεξούσιον
686 3082 797 3167 ἀρχήν,
828 3083 940 3146 Ianum
971 3103 1028 3166 per
1049 3083 1146 3167 πύλην
1159 3082 1332 3161 Ἐνυάλιον,
1362 3083 1560 3168 triumphum

197 3186 441 3268 orationemque
464 3206 520 3269 per
541 3185 735 3273 θριαμβεύειν
761 3186 809 3273 ἐφ’
831 3188 962 3272 ἅρματος
985 3193 1017 3251 et
1040 3188 1089 3250 ἐπὶ
1111 3186 1248 3271 κέλητος,
1272 3186 1351 3271 ipsis
1367 3188 1490 3251 Latinis
1505 3209 1559 3252 vo·

198 3289 321 3354 rabulis
345 3294 470 3373 praeter
493 3288 622 3352 nomina
643 3288 772 3373 propria
787 3297 946 3374 ¹perpetuo
970 3291 1145 3355 abstinens.

285 3392 342 3459 IV.
388 3392 473 3455 Haec
496 3392 659 3475 excipiunt
681 3392 801 3457 scholia
823 3415 903 3470 mea,
929 3394 1046 3476 quibus
1070 3400 1196 3479 propter
1218 3394 1345 3459 lectoris
1362 3395 1561 3459 commodum

197 3506 321 3575 textum
343 3501 515 3579 utrumque
538 3496 722 3580 suppletum
745 3496 891 3573 eundern,
916 3497 955 3560 de
979 3518 1042 3581 quo
1056 3498 1151 3563 modo
1173 3499 1232 3581 egi,
1257 3498 1359 3563 denuo
1382 3499 1559 3584 praeposui.

199 3604 234 3666 ln
257 3600 390 3665 scholiis
418 3599 468 3664 his
498 3598 632 3663 eandem
660 3600 724 3662 fere
747 3600 848 3681 legem
879 3607 1007 3665 secutus
1031 3622 1118 3678 sum,
1147 3600 1187 3665 de
1216 3621 1280 3685 qua
1309 3623 1406 3687 supra
1429 3602 1560 3686 exposui

197 3706 232 3769 in
255 3703 498 3789 supplementis,
522 3703 606 3767 falsa
628 3710 660 3767 et
681 3705 904 3788 praetermissa
927 3714 964 3769 ut
987 3706 1215 3788 corrigerentur
1229 3712 1262 3770 et
1276 3707 1477 3791 explerentur
1491 3706 1561 3770 sine

199 3809 350 3873 continua
378 3807 520 3892 priorum
543 3807 768 3889 exagitatione,
798 3828 836 3871 ex
866 3809 905 3873 iis
935 3815 1042 3873 autem
1070 3830 1151 3892 quae
1174 3830 1249 3873 vera
1277 3817 1309 3872 et
1330 3810 1509 3894 probabilia
1537 3810 1562 3874 ii

200 3913 393 3988 attulissent,
424 3910 586 3975 recondita
608 3917 731 3975 tantum
756 3920 787 3975 et
810 3913 910 3995 magis
943 3913 1104 3995 exquisita
1132 3913 1336 3977 laudarentur
1359 3914 1485 3979 nomine
1508 3915 1561 3979 ad-

198 4016 291 4080 iecto.
338 4014 421 4078 Nam
444 4035 516 4078 cum
539 4013 616 4077 haec
640 4013 683 4077 sit
706 4014 862 4079 eiusmodi
885 4016 1181 4079 commentariorum
1203 4017 1293 4093 ratio,
1317 4025 1438 4081 utnon
1461 4040 1563 4102 pauca

198 4120 356 4203 interpres
380 4118 523 4183 omittere
547 4138 608 4181 non
633 4118 747 4183 debeat
769 4140 827 4182 nec
851 4119 928 4184 adeo
953 4128 1048 4203 queat
1072 4140 1091 4183 a
1113 4120 1225 4203 quovis
1254 4120 1381 4185 homine
1404 4143 1466 4187 non
1490 4122 1563 4186 rudi

199 4224 288 4287 nullo
312 4220 437 4303 negotio
461 4221 655 4306 reperienda,
681 4222 758 4286 talia
781 4223 853 4305 quis
875 4224 998 4307 primus
1022 4223 1164 4287 attulerit
1185 4246 1243 4287 nec
1267 4224 1411 4307 quaesivi
1431 4246 1488 4288 nec
1509 4226 1562 4288 ad-

200 4325 317 4391 notavi.
357 4325 414 4388 Est
437 4325 522 4390 enim
543 4326 725 4409 interpretis
749 4346 811 4390 non
834 4326 938 4391 solum
961 4348 1054 4390 suurn
1077 4327 1192 4411 cuique
1214 4328 1362 4404 tribuere,
1388 4329 1441 4392 sed
1467 4329 1563 4393 etiam

200 4452 249 4495 res
275 4428 418 4493 omnium
443 4449 624 4494 communes
649 4450 667 4493 a
691 4431 826 4515 propriis
843 4437 874 4495 et
890 4430 1015 4494 eximiis
1032 4452 1193 4495 secernere
1210 4432 1420 4515 abhorretque
1436 4433 1562 4496 omnino

202 4555 220 4596 a
243 4532 360 4597 studiis
383 4533 469 4596 hisce
493 4534 681 4598 liberalibus
709 4534 804 4597 anxia
834 4534 1030 4599 auctoritatis
1055 4536 1198 4618 quaestio
1222 4536 1318 4600 etiam
1340 4536 1374 4599 in
1396 4535 1452 4612 iis,
1483 4557 1563 4619 quae

202 4637 230 4701 si
253 4637 310 4719 qui
335 4636 399 4701 sibi
420 4636 569 4714 vindicet,
602 4638 797 4723 pauperrimi
818 4638 938 4721 ingenii
962 4658 996 4701 se
1019 4658 1088 4703 esse
1111 4639 1183 4723 ipsa
1205 4660 1239 4703 re
1268 4640 1462 4704 confiteatur.
1508 4640 1562 4703 Co-

202 4746 307 4805 terum
330 4739 485 4804 iudicium
507 4748 574 4806 esto
598 4742 683 4827 apud
705 4742 837 4807 lectores
854 4763 971 4826 aequos
988 4749 1019 4807 et
1034 4742 1216 4828 prudentes,
1241 4743 1483 4808 commentarius
1499 4744 1562 4805 Au-

205 4844 289 4927 gusti
312 4866 390 4909 num
412 4844 475 4910 iam
499 4847 626 4931 plenius
650 4854 681 4912 et
703 4848 819 4913 certius
838 4848 1041 4931 intellegatur
1055 4867 1119 4912 non
1135 4848 1238 4914 solum
1252 4853 1379 4933 propter
1393 4864 1475 4911 nova
1489 4846 1562 4909 sub-
