3734 5517
664 1735 820 1839 Gsspaar
842 1714 1043 1800 nomme
1069 1715 1477 1792 nnnrrnunnrvn.

510 2343 646 2428 Sequitur
667 2319 807 2390 clausula
827 2337 889 2382 non
912 2317 1015 2402 ipsius
1031 2316 1178 2399 Augusti,
1202 2316 1257 2380 sed
1273 2315 1357 2380 alius
1373 2316 1587 2383 nesciocuius
1603 2317 1730 2386 hominis
1779 2330 1782 2425 ι

439 2471 481 2534 ,10
502 2447 610 2524 scripta
631 2434 661 2490 et
682 2423 776 2488 rebus
799 2419 903 2496 exilis,
927 2441 1002 2484 nam
1025 2439 1106 2503 quae
1129 2419 1278 2496 continet,
1301 2419 1409 2484 omnia
1431 2419 1496 2484 fere
1518 2421 1553 2485 in
1574 2422 1646 2506 ipso
1661 2440 1730 2484 eom·
1780 2427 1784 2513 l

407 2502 542 2626 menffljo
570 2526 742 2600 accuratius
770 2523 959 2608 pleniusque
990 2523 1165 2607 perscripta
1194 2531 1269 2587 sunt
1298 2529 1330 2586 et
1357 2544 1396 2587 err
1419 2524 1515 2590 rebus
1539 2527 1641 2609 gestis
1663 2523 1733 2589 tanti
1783 2528 1785 2573 l

400 2596 455 2738 311
474 2667 532 2712 non
555 2627 787 2714 comprehendit
814 2626 939 2695 nisiex
963 2648 1019 2692 sno
1043 2647 1125 2710 quae
1147 2627 1283 2709 erogarit
1304 2627 1338 2690 in
1362 2626 1507 2698 aedificia
1528 2629 1625 2696 ludos
1650 2629 1733 2692 dona
1783 2576 1788 2719 l

396 2769 501 2837 tiones,
532 2749 680 2817 tanquam
704 2731 851 2796 duumvir
875 2730 1019 2816 oppiduli
1041 2730 1176 2794 alieuius
1199 2732 1363 2812 Augustus
1394 2731 1524 2809 fuisset,
1555 2753 1623 2798 non
1646 2733 1735 2815 impe
1786 2728 1789 2798 ’Ψ

394 2868 471 2936 βιοῖ
492 2839 599 2929 pepuli
616 2837 758 2900 Romani.
798 2836 1008 2914 Quamobrem
1031 2834 1087 2920 qui
1110 2835 1315 2919 appendicem
1339 2835 1420 2905 tana
1443 2834 1483 2900 ad
1506 2835 1677 2902 Tiberium
1695 2853 1735 2898 re
1787 2829 1789 2880 l

392 2954 504 3034 serunt,
534 2939 655 3024 egregie
678 2940 846 3020 falluntur3
879 2939 1004 3004 videtur
1031 2939 1137 3024 potius
1161 2939 1299 3004 Graecus
1321 2940 1477 3025 interpres
1500 2942 1553 3005 rel
1585 2943 1617 3007 si
1644 2937 1738 3019 magio

390 3053 487 3153 placet
501 3047 636 3110 Graecus
659 3043 861 3124 magistratus
884 3043 912 3110 is
936 3043 994 3125 qui
1013 3041 1179 3126 interpreti
1192 3043 1382 3127 exemplum
1405 3043 1597 3110 vertendum
1612 3039 1741 3111 tradidit

389 3171 460 3232 haee
482 3148 634 3214 adiecisse
657 3153 726 3214 tum
749 3167 821 3214 oum
845 3169 884 3216 ox
899 3146 1023 3212 decreto
1044 3145 1496 3230 provinciaeGalatiaeindex
1515 3152 1741 3230 rerumgesta

388 3279 453 3330 rum
468 3251 604 3333 Augusti
626 3257 759 3336 utraque
782 3252 892 3334 lingua
906 3249 1034 3334 publice
1049 3248 1229 3334 propositus
1245 3256 1302 3314 est.
1338 3250 1382 3315 Eo
1398 3251 1483 3314 enim
1499 3250 1591 3317 duait
1604 3249 1744 3318 maxime

387 3355 561 3427 denariaria
582 3356 660 3420 ratio
685 3356 780 3420 etiam
802 3355 836 3421 in
859 3355 982 3420 lratinis
1006 3352 1155 3428 admisse,
1180 3373 1253 3416 eum
1276 3354 1504 3419 sestertiariam
1523 3356 1678 3438 requirat
1691 3355 1745 3418 Re

386 3481 477 3530 mana
499 3458 691 3524 consuetudo
707 3461 746 3524 ab
762 3461 832 3544 ipso
848 3461 991 3542 Augusto
1015 3478 1140 3541 semper
1155 3458 1322 3520 observata
1337 3457 1415 3530 (nisi
1430 3457 1513 3541 quod
1532 3459 1689 3524 denarios
1705 3458 1746 3521 in-

385 3565 508 3634 terdum
530 3563 620 3648 ponit
648 3562 681 3625 in
704 3564 880 3628 minoribus
904 3562 1048 3638 summis,
1077 3561 1159 3637 uto,
1179 3562 1229 3624 16.
1247 3562 1316 3644 20).
1362 3561 1528 3628 Praeterea
1552 3583 1666 3627 sermo
1690 3579 1748 3624 non

386 3669 489 3734 solum
510 3667 611 3731 multo
635 3666 741 3730 minus
765 3665 892 3748 elegans
916 3672 965 3731 est
979 3672 1012 3729 et
1025 3663 1131 3728 minus
1147 3663 1278 3728 Latinus
1295 3683 1392 3746 quam
1406 3665 1508 3751 ipsius
1523 3664 1752 3733 commentarii

385 3774 443 3850 (ita
465 3777 541 3834 nota
562 3772 747 3852 spectaculo
770 3770 806 3845 6,
831 3770 871 3833 39
902 3789 958 3852 pro
980 3766 1066 3831 ludis
1090 3774 1122 3830 et
1142 3770 1363 3832 naumachiam
1385 3771 1420 3845 6,
1444 3771 1488 3834 40
1516 3789 1574 3854 pro
1600 3791 1645 3835 eo
1671 3767 1753 3855 quod

385 3878 549 3958 Augustus
573 3875 654 3942 dixit
676 3878 707 3952 4,
724 3874 766 3940 43
792 3875 918 3937 canalis
939 3875 1045 3953 proeli
1067 3872 1316 3955 spectaculum),
1344 3873 1401 3938 sed
1430 3873 1526 3937 etiam
1549 3875 1756 3957 quibusdam

385 3979 462 4044 loeis
492 3979 559 4043 hiat
590 3986 622 4043 et
644 3979 697 4042 vix
726 3979 804 4042 satis
826 3975 1031 4058 intellegitur.
1084 3975 1228 4058 Denique
1251 3996 1348 4040 unam
1371 3977 1471 4041 solam
1494 3999 1561 4042 rem
1585 3977 1759 4066 appendix

384 4083 461 4146 haee
485 4081 523 4146 de
546 4102 626 4146 novo
649 4082 738 4145 addit
760 4082 799 4145 ab
823 4080 893 4165 ipso
916 4081 1060 4161 Augusto
1084 4079 1348 4162 praetermissam,
1372 4100 1485 4164 nempe
1509 4079 1595 4146 dona
1623 4085 1670 4148 ab
1697 4085 1760 4147 Au-

385 4193 474 4268 gusto
498 4186 572 4249 data
594 4185 717 4270 oppidis
741 4185 774 4247 in
798 4182 979 4267 provinciis.
1014 4180 1113 4245 Nobis
1136 4201 1174 4244 ea
1187 4182 1253 4244 fere
1269 4201 1304 4244 eo
1320 4188 1445 4246 tantum
1460 4185 1588 4248 nomine
1609 4187 1762 4271 prodest,

386 4292 469 4372 quod
493 4291 597 4354 hiatus
622 4289 743 4372 aliquot
766 4286 984 4352 commentarii
1006 4285 1108 4370 ipsius
1131 4284 1205 4349 inde
1229 4285 1406 4370 explentur.
