3734 5517
340 363 401 426 100
920 363 971 427 Vl,
985 363 1017 415 13
1029 389 1060 398 -
1071 363 1107 416 23

336 557 409 600 nem
436 537 567 620 perfecit
594 535 644 600 die
673 534 821 598 indicato.
882 535 968 610 Quae
998 536 1104 598 omnia
1133 553 1194 598 non
1223 541 1350 599 1111111
1378 541 1489 620 coepta
1518 535 1694 609 11111111,

336 639 392 702 sed
420 641 559 732 perlecta
586 659 655 702 esse
684 638 888 722 depositoque
924 638 1172 702 extraordinario
1206 639 1252 701 rei
1281 639 1428 722 publicae
1455 638 1696 703 constituendae

336 742 467 806 arbitrio
490 745 669 824 Augustum
693 741 842 825 deinceps
865 760 927 806 non
952 741 1015 804 nisi
1045 742 1248 823 magistratus
1276 743 1344 806 iure
1368 743 1529 806 communi
1551 742 1617 806 sibi
1647 742 1696 806 de·

335 846 415 910 latos
445 846 619 910 obtinuisse
648 845 717 930 ipse
746 845 804 908 hoc
829 865 885 908 suo
912 849 1077 927 tamqnam
1101 851 1291 911 testamento
1321 847 1529 930 perscriptum
1554 845 1694 927 reliquit,

335 949 471 1014 maxime
499 951 557 1012 ubi
588 949 632 1012 111
660 955 731 1031 post
760 969 787 1013 1.
807 949 869 1012 727
906 947 1058 1030 dignitate
1087 969 1121 1011 se
1150 949 1279 1031 quidem
1309 950 1458 1013 omnibus
1490 949 1697 1033 praestitisse

335 1052 499 1134 potestatis
532 1059 639 1116 autem
671 1051 753 1114 nihil
786 1050 921 1135 amplius
949 1051 1101 1114 habuisse
1130 1072 1226 1134 quam
1252 1051 1406 1115 haberent
1432 1053 1466 1116 in
1492 1071 1696 1134 unoquoque,

226 1189 235 1206 ·
335 1157 522 1238 magistratu
545 1156 693 1237 collegae.
739 1155 803 1220 Nec
827 1157 1001 1237 refragatur
1022 1175 1129 1219 rerum
1149 1156 1302 1219 memoria
1323 1177 1408 1220 vera.
1453 1155 1536 1218 Nam
1560 1154 1697 1218 eumad

336 1281 363 1324 a.
386 1279 489 1342 usque
513 1261 575 1324 727
606 1259 784 1343 provincias
814 1259 924 1344 populi
945 1259 1079 1324 Romani
1106 1260 1297 1324 obtinuisset
1325 1266 1356 1322 11
1384 1279 1492 1323 omnes
1520 1259 1620 1322 simul
1641 1279 1697 1322 nec

336 1371 475 1446 tempore
504 1364 683 1448 praefinito,
719 1363 858 1447 primum
888 1363 1011 1426 senatui
1045 1362 1186 1427 reddidit
1211 1363 1400 1446 provincias.
1418 1383 1544 1438 omnes,
1583 1361 1696 1425 deinde

337 1473 458 1550 partem
489 1487 612 1542 earum,
643 1466 793 1530 nimirum
824 1485 877 1528 eas
913 1485 994 1547 quae
1017 1465 1166 1550 deinceps
1190 1466 1339 1530 Caesaris
1369 1465 1432 1529 dici
1454 1472 1585 1549 coeptae
1614 1472 1694 1540 sunt,

337 1570 384 1632 ito
406 1571 534 1653 recepit,
559 1577 594 1633 11
616 1569 655 1634 ad
677 1568 865 1632 decennium
887 1568 927 1631 iis
944 1575 1105 1651 praeesset
1126 1570 1194 1632 loco
1217 1569 1443 1653 proconsulari,
1467 1574 1504 1631 ut
1525 1568 1593 1631 nisi
1615 1587 1693 1643 vere,

336 1680 418 1736 certe
442 1693 504 1736 non
528 1673 596 1735 sine
620 1671 723 1755 specie
746 1671 813 1734 veri
841 1671 904 1734 dici
932 1679 1040 1754 posset
1061 1671 1124 1734 iam
1149 1672 1327 1752 Augustum
1351 1675 1420 1734 iure
1443 1692 1504 1735 non
1528 1670 1695 1736 differres

336 1777 447 1840 ceteris
474 1777 551 1840 viris
578 1776 814 1850 consularibus,
844 1775 900 1858 qni
929 1796 948 1838 a
971 1782 1083 1838 senatu
1105 1775 1300 1859 provinciam
1329 1775 1550 1838 obtinuissent.
1603 1776 1695 1838 Recte

335 1881 432 1962 igitur
459 1901 527 1942 rem
555 1879 710 1962 expressit
739 1879 867 1942 Tacitus
898 1878 913 1960 <
920 1898 993 1942 111.
1013 1881 1047 1952 l,
1067 1881 1093 1940 1.
1113 1879 1170 1960 2),
1207 1877 1265 1941 nbi
1292 1878 1463 1962 respiciens
1491 1877 1695 1961 posteriorem

334 1982 460 2066 imperii
483 1989 604 2068 partem
626 1983 805 2062 Augustum
829 1981 940 2044 scribit
962 1980 1124 2044 consulem
1147 2001 1180 2043 se
1203 1981 1354 2044 ferentem
1379 1988 1410 2044 et
1430 1981 1599 2045 tribunicii
1620 1981 1695 2046 iuris

335 2086 439 2169 specie
463 2084 628 2168 paullatim
654 2083 863 2148 insurrexisse
886 2083 1059 2166 mnniaque
1084 2090 1212 2147 senatus
1235 2083 1478 2164 magistratuum
1491 2084 1602 2166 legum
1616 2085 1650 2148 in
1664 2105 1696 2148 se

334 2179 482 2264 traxisse,
513 2188 650 2270 denique
679 2187 806 2251 nomine
836 2187 989 2270 principis
1013 2195 1126 2251 cuncta
1149 2188 1208 2250 snb
1234 2186 1401 2270 imperium
1426 2186 1598 2271 accepisse.
1650 2189 1695 2251 111

333 2302 442 2358 auctor
465 2293 569 2375 gravis
594 2299 625 2356 et
646 2291 785 2375 prudens
810 2291 894 2354 cavit
916 2291 980 2354 sibi
1000 2297 1068 2354 tam
1091 2292 1131 2354 ab
1155 2291 1293 2354 officioso
1317 2289 1498 2372 aequalium
1520 2292 1693 2367 mendacio,

219 2418 223 2425 ·
335 2398 427 2479 quusi
449 2418 521 2462 vere
538 2398 700 2477 Augustus
724 2415 752 2457 a.
766 2395 828 2456 727
853 2395 1033 2458 libertatem
1055 2394 1166 2479 populi
1183 2393 1316 2460 Romani
1340 2393 1541 2469 restituisset,
1567 2416 1695 2477 quama

334 2501 541 2584 posteriorum
564 2499 710 2563 sollemni
726 2518 840 2574 errore,
865 2499 959 2580 quasi
979 2519 1014 2561 eo
1034 2504 1175 2582 tempore
1191 2497 1439 2560 dominationem
1454 2497 1562 2578 palam
1578 2501 1694 2582 procla·

333 2610 463 2668 mosset,
496 2603 651 2687 Principis
675 2608 781 2666 autem
804 2602 929 2666 nomine
946 2622 1137 2684 quamquam
1154 2602 1321 2682 Augustus
1336 2601 1370 2663 in
1386 2600 1511 2680 legibus
1528 2601 1695 2685 titulisque

334 2707 499 2783 abstinuit,
523 2713 559 2770 11
581 2705 706 2782 debuit,
737 2727 809 2770 cum
832 2705 1034 2786 magistratui
1055 2705 1138 2769 nulli
1161 2704 1380 2788 responderet,
1408 2711 1515 2768 tamen
1538 2705 1581 2767 ad
1605 2728 1697 2788 suum

336 2811 440 2874 locum
463 2809 670 2874 indicandum
685 2817 716 2873 et
737 2809 788 2872 hic
809 2809 842 2872 id
859 2809 1006 2872 adhibuit
1021 2815 1053 2871 et
1067 2809 1171 2873 tribus
1187 2808 1260 2871 aliis
1277 2809 1306 2882 2,
1318 2809 1371 2870 45.
1389 2809 1419 2882 5,
1431 2810 1484 2870 44.
1502 2810 1533 2883 6,
1548 2812 1579 2872 6.
1619 2811 1693 2874 Con-

334 2915 543 2978 firmat'idem
565 2915 724 2994 principis
741 2917 911 2977 1111111111
928 2913 1141 2977 denominatio
1164 2933 1227 2976 non
1251 2912 1319 2975 sine
1341 2910 1455 2974 idonea
1476 2931 1577 2976 causa
1591 2915 1691 2998 pueris

333 3018 384 3095 iis,
408 3017 525 3101 quibus
548 3016 716 3100 imperium
740 3016 969 3093 destinabatur,
995 3023 1027 3079 11
1042 3016 1194 3079 attributa
1209 3022 1242 3078 et
1256 3021 1424 3090 reservata,
1447 3015 1481 3078 id
1498 3017 1587 3097 quod
1602 3035 1688 3101 snpra

334 3121 397 3186 iam
419 3121 499 3205 p.36
516 3119 754 3184 observavimus
777 3119 872 3183 allato
888 3119 956 3182 loco
977 3118 1176 3182 memorabili
1192 3118 1310 3182 dec-reti
1326 3118 1527 3194 Pisandrum,
1545 3121 1603 3184 ubi
1625 3141 1692 3203 que·

334 3230 446 3288 runtur
460 3225 494 3287 C.
508 3225 674 3287 Caesarem
690 3222 827 3304 Augusti
842 3221 945 3286 lilium
961 3232 1101 3302 ereptum
1113 3225 1232 3302 pupulo
1245 3224 1387 3285 1111111111
1407 3225 1472 3284 iam
1487 3224 1692 3308 desipiendum

335 3327 558 3410 ilusta'ssumum
581 3348 620 3390 cc
642 3329 841 3390 simillumum
863 3330 1010 3407 parentis
1034 3330 1086 3388 sui
1108 3328 1279 3390 uirtutibus
1302 3330 1486 3406 principem.
1522 3326 1693 3412 Scriptores

336 3450 461 3512 quoque
478 3430 590 3493 aetatis
608 3431 770 3512 Augustae
787 3437 818 3494 et
833 3430 1022 3493 Tiberianae
1044 3429 1197 3514 principis
1213 3428 1366 3492 vocabulo
1390 3429 1538 3492 similiter
1553 3438 1691 3504 utuntur,

336 3532 536 3617 imperatoris
560 3539 667 3596 111111
688 3533 735 3596 ibi
757 3533 905 3609 maxime,
929 3532 988 3595 ubi
1011 3533 1114 3614 agitur
1137 3531 1176 3595 de
1198 3553 1232 3595 re
1256 3531 1397 3598 militari.
1431 3532 1580 3616 Denique
1603 3536 1692 3598 Tibe

335 3637 402 3702 rius
425 3637 457 3700 in
482 3635 562 3720 ipsis
586 3635 688 3699 titulis
713 3656 775 3698 non
799 3656 867 3698 raro
890 3636 950 3699 hoc
974 3635 1101 3699 nomine
1123 3635 1331 3718 compellatur
1354 3637 1519 3718 (1111111111
1543 3643 1691 3718 optimus:

335 3739 462 3802 Hennen
488 3741 587 3818 53933
623 3744 758 3820 optimus
790 3761 829 3803 11
859 3743 1053 3803 iustissimas
1080 3744 1250 3820 princeps:
1280 3737 1455 3817 01111.25;
1484 3746 1638 3824 1111111111
1665 3752 1691 3806 at

336 3843 556 3909 conservator.-
580 3843 751 3907 01111617
770 3872 813 3896 =
829 3843 863 3905 O.
880 3843 904 3905 1.
922 3843 956 3905 L.
980 3844 1012 3906 11
1034 3865 1065 3908 1.
1075 3844 1187 3926 2038),
1212 3863 1270 3906 111
1292 3843 1429 3907 multum
1451 3843 1492 3908 ab
1517 3864 1555 3908 eo
1579 3846 1689 3910 afuisse

335 3946 475 4022 videtur,
511 3955 546 4011 ut
575 3949 656 4012 hanc
685 3947 931 4032 appellationem
959 3946 1134 4028 legitimam
1163 3948 1280 4010 feceret
1308 3953 1340 4009 et
1366 3947 1571 4024 sollemnem,
1601 3969 1689 4032 saepe

335 4050 483 4114 dictitans
513 4050 675 4116 dominnm
706 4073 739 4115 11
770 4073 839 4115 1111
868 4071 1047 4127 servorum,
1082 4051 1302 4134 imperatorem
1333 4051 1485 4126 militum,
1516 4053 1689 4136 principem

335 4155 452 4220 civium
476 4154 551 4238 (Dio
576 4156 627 4231 57,
645 4156 690 4238 8).

445 4258 590 4321 Ceterum
615 4257 699 4339 quod
724 4256 862 4322 diximus
885 4264 958 4343 post
981 4256 1160 4342 depositum
1184 4255 1467 4322 extraordinarium
1485 4259 1533 4323 rei
1547 4261 1688 4345 publicae

335 4359 571 4424 constituendae
595 4360 770 4437 arbitrium,
797 4361 830 4424 id
856 4367 903 4423 est
919 4368 991 4444 post
1006 4359 1133 4424 finitum
1147 4360 1391 4436 triumuiratum,
1415 4370 1548 4447 excepta
1562 4365 1687 4428 fortasse

336 4463 375 4530 ad
390 4473 515 4548 tempus
532 4470 679 4548 suscepta
696 4485 772 4528 cura
787 4465 891 4546 legum
907 4484 1094 4547 morumque
1111 4466 1155 4548 (v.
1173 4486 1203 4548 p.
1216 4467 1281 4544 16),
1298 4466 1478 4546 Augustum
1494 4486 1569 4531 vere
1585 4466 1688 4531 testari

334 4573 514 4632 contentum
537 4588 570 4632 se
593 4567 691 4631 fuisse
713 4568 781 4630 iure
806 4567 973 4645 ordinario,
1002 4589 1042 4631 ne
1065 4567 1199 4632 nimium
1222 4568 1341 4633 dixisse
1363 4568 1540 4646 videamur,
1568 4589 1687 4634 accura-

333 4670 397 4736 tius
426 4671 533 4755 paullo
562 4670 775 4735 definiendum
805 4675 837 4734 et
863 4671 1077 4736 moderatione
1105 4673 1243 4755 quadam
1271 4672 1415 4736 adhibita
1440 4675 1686 4757 temperandum.

333 4774 415 4840 Nam
436 4775 486 4840 vel
508 4795 545 4839 ex
569 4775 637 4841 1111
659 4776 727 4857 lege
751 4775 789 4840 ds
811 4776 944 4860 imperio
960 4776 1148 4859 Vespasiani
1170 4785 1293 4842 constat
1315 4797 1378 4847 non
1400 4778 1504 4842 solum
1527 4778 1683 4862 plerisque

1773 4412 1775 4499 l
