3734 5517
352 349 393 414 74
945 352 978 415 V,
992 352 1023 405 18
1031 376 1065 390 ·-
1075 353 1111 406 23

352 543 379 586 e.
391 524 456 588 730
478 523 659 607 incipiente.
697 523 870 588 Redierunt
890 529 998 588 tamen
1019 542 1094 590 mex
1108 524 1280 609 neuicpes
1300 523 1344 590 cd
1357 524 1508 593 Pramnin
1522 544 1714 612 oppugnen«

352 625 441 702 dem,
473 627 527 690 sed
552 649 624 692 cum
646 627 687 691 iis
710 627 853 692 celeriter
876 627 1014 692 obiceret
1035 648 1069 692 se
1092 628 1269 705 Petronius,
1291 649 1368 714 pace
1391 629 1495 697 denuo
1523 632 1714 699 confirmata

350 730 444 812 legati
461 732 653 815 Aethiopum
669 738 880 796 convenerunt
894 735 1075 812 Augustum
1089 732 1188 808 Sami,
1214 733 1270 796 ubi
1285 733 1421 815 degebat
1434 735 1540 800 hieme
1554 738 1612 798 η.7
1616 732 1673 809 331
1677 738 1709 798 4.

351 834 461 916 Itaque
485 843 573 917 geste
595 834 671 899 hacc
695 840 769 898 sunt
794 834 968 902 secundum
984 835 1171 901 Strabonem
1186 837 1268 900 inter
1284 856 1312 900 a.
1326 838 1389 902 720
1397 838 1517 914 μ-733,
1539 846 1710 902 narrantur

351 944 455 1002 eutem
479 938 647 1004 coniuncte
668 958 688 1002 a
709 939 810 1001 Dione
834 938 874 1002 ad
896 959 924 1001 a.
940 938 1013 1015 732,
1038 951 1100 1021 quo
1123 960 1205 1002 enno
1228 939 1401 1006 secundam
1415 940 1556 1006 Petronii
1578 941 1709 1024 expedi·

351 1041 468 1106 tionem
488 1044 604 1106 factam
625 1063 694 1106 esse
716 1049 801 1125 puto,
825 1041 962 1126 priorem
977 1062 1051 1106 vero
1066 1062 1148 1106 anno
1163 1042 1381 1126 praecedente,
1400 1065 1475 1110 cum
1488 1044 1575 1126 quod
1590 1066 1626 1108 re
1642 1054 1710 1110 arte

350 1163 485 1210 conexae
508 1157 591 1222 sunt,
615 1153 684 1210 tum
706 1153 832 1229 propter
855 1165 892 1210 ea
915 1165 996 1227 quae
1012 1144 1156 1210 dicentur
1171 1145 1210 1210 de
1225 1148 1422 1230 praefectura
1435 1147 1586 1214 Petronii.
1627 1150 1710 1214 Cum

351 1249 527 1314 narratione
551 1249 608 1312 hac
632 1249 758 1314 omuino
782 1248 972 1315 conveniunt
999 1249 1217 1312 commentarii
1240 1250 1375 1331 Augusti
1404 1270 1508 1332 neque
1529 1252 1706 1334 quicquam

350 1351 484 1425 addunt,
517 1352 600 1434 quod
629 1352 671 1417 sit
700 1352 833 1416 alicuius
861 1351 1023 1416 momenti.
1075 1352 1243 1416 Terminus
1266 1353 1476 1436 expeditionis
1499 1342 1709 1440 Aethiopicae

350 1455 400 1524 hie
423 1476 548 1538 quoque
571 1464 620 1520 est
642 1457 794 1540 oppidum
812 1458 941 1521 Nabata
962 1461 1075 1538 (quarn
1092 1456 1210 1520 Perroti
1234 1456 1401 1520 lectionem
1423 1459 1590 1524 confirmat
1604 1461 1707 1524 auce

349 1561 490 1624 scribens
512 1579 548 1628 nr
558 1615 564 1626 .
576 1613 582 1626 .
593 1581 612 1628 n
625 1615 631 1628 .
642 1613 648 1626 .
659 1561 692 1642 .),
717 1559 836 1625 dictum
860 1562 990 1641 Nepote
1013 1559 1096 1644 apud
1117 1559 1306 1626 Strabonem
1321 1561 1536 1626 Ptolemaeum
1552 1563 1707 1639 Plinium,

349 1661 471 1746 Τανάπη
495 1663 579 1747 apud
602 1662 752 1738 Dionem,
783 1661 921 1728 Ναπάται
945 1663 1030 1747 apud
1053 1663 1248 1748 Stephanum
1271 1665 1473 1747 Byzantium
1502 1686 1567 1750 qno
1597 1689 1708 1751 perve-
1782 1715 1788 1782 1

350 1766 434 1829 nisse
462 1767 634 1830 exercitum
662 1766 838 1830 Romanum
870 1774 902 1830 et
930 1766 976 1829 ite
968 1786 1142 1928 prope
1144 1767 1314 1885 necessisse
1329 1767 1399 1916 ηιξ
1413 1767 1578 1906 inphitam
1594 1771 1707 1835 urbem
1783 1787 1787 1804 ¹

349 1870 504 1933 Meroen
496 1876 664 1954 imperator
686 1857 970 2034 ςΙοιὶηἵξιιιιῙις.)
1412 1887 1484 1982 4
1504 1932 1515 1968 ι
1573 1859 1673 1975 ἕξ(
1652 1868 1729 1928 tt
1755 1808 1787 1945 ⁷i

459 1975 525 2036 Iam
549 1973 712 2036 videamus
735 1972 774 2040 de
797 1981 925 2056 expect
872 1873 1133 2036 rone‘nra
1079 1951 1159 2036 bucer
1134 1894 1568 2058 uiciqii‘icmpbt
1564 1925 1787 2052 aciisit
1783 1987 1786 2005 ·

347 2076 464 2164 pendet
485 2077 622 2140 maxime
646 2097 665 2139 a
687 2076 767 2140 serie
791 2077 1020 2160 praefectorum
1036 2076 1168 2160 Aegypt
1159 2096 1182 2157 r,
1205 2077 1261 2160 qui
1283 2097 1339 2160 per
1362 2076 1418 2140 hos
1441 2097 1541 2142 annos
1556 2080 1704 2156 fuerunt3
1781 2116 1786 2197 Ι

352 2180 389 2244 dc
414 2201 477 2262 qua
499 2201 597 2266 nuper
621 2180 701 2244 dixit
724 2181 820 2244 Henr.
836 2180 959 2262 Kriiger
981 2182 1053 2265 (der
1067 2183 1162 2244 rencs
1144 2202 1204 2260 op
1226 2183 1281 2245 dec
1297 2183 1406 2244 Actius
1423 2183 1533 2244 Gallus
1549 2181 1708 2248 Wismeri
1781 2200 1786 2262 t

350 2286 482 2368 1862ρ.
496 2286 564 2367 49).
600 2285 639 2348 Et
654 2290 776 2347 cons
729 2285 846 2348 tatCn.
866 2284 1047 2348 Cornelium
1063 2284 1188 2348 Gallum
1204 2283 1343 2368 primum
1358 2284 1705 2371 Aegyptipraefectum
1780 2318 1785 2399 Ι

347 2386 467 2452 rexisse
491 2409 560 2486 eam
583 2387 622 2451 ab
648 2409 675 2450 a.
690 2409 720 2450 u.
734 2409 759 2450 c.
774 2389 847 2464 724,
872 2407 984 2450 manus
1008 2387 1071 2451 sibi
1093 2387 1240 2452 intulisse
1264 2388 1378 2468 η7;28
1405 2408 1467 2470 quo
1490 2409 1572 2453 anuo
1598 2398 1704 2456 autem
1781 2404 1785 2430 ·’

347 2481 509 2575 prouincia
532 2489 659 2565 abierit,
692 2498 790 2554 nont
777 2490 874 2554 tradit
861 2497 912 2553 tur
934 2511 1038 2573 neque
1067 2490 1237 2574 quicquam
1266 2488 1386 2568 obstat,
1420 2493 1590 2574 quominus
1621 2515 1703 2559 anno
1778 2494 1784 2609 Ι

347 2599 429 2656 certe
453 2594 515 2656 727
541 2615 753 2658 successorem
776 2595 1005 2678 acceperit—
1030 2587 1173 2658 Cornelio
1196 2595 1304 2659 sturm
1328 2595 1576 2660 successisset).
1598 2598 1703 2664 Petro
1777 2614 1783 2741 p

347 2701 436 2766 nium
460 2715 651 2782 quemquem
681 2695 897 2782 pleriqnesta
880 2704 1018 2773 at,uunt
1032 2703 1139 2762 temen
1161 2698 1244 2762 mihi
1265 2697 1356 2763 aliter
1378 2698 1512 2763 videtur.
1560 2701 1642 2768 Nam
1665 2724 1701 2768 ex

347 2798 469 2878 ordine,
499 2823 560 2884 quo
583 2807 646 2864 tres
670 2801 841 2884 praefectos
865 2801 1045 2866 Cornelium
1069 2802 1252 2866 Petronium
1274 2801 1401 2877 Aelium
1423 2804 1568 2870 nominat
1590 2807 1701 2872 Strabo

350 2908 634 2991 17,1,53ρ.810,
659 2917 865 2987 nequaquam·
883 2905 917 2968 id
941 2906 1090 2983 efficitur3
1116 2913 1278 2990 praeterea
1301 2915 1407 2970 autem
1430 2926 1511 2988 quae
1531 2908 1699 2974 traduntur
1777 2896 1781 2907 ¹

347 3013 403 3076 hoc
427 3020 550 3075 tantum
572 3009 743 3074 ostendunt
763 3003 956 3093 praefectum
970 3007 1154 3074 Petronium
1176 3011 1275 3074 fuisse
1291 3030 1348 3095 per
1362 3032 1389 3074 a.
1405 3012 1478 3076 731.
1492 3013 1570 3078 732.
1604 3012 1700 3080 Vacat
1777 3010 1781 3031 ¹

345 3115 440 3199 igitur
467 3114 641 3180 triennium
662 3119 763 3177 toturn
787 3133 814 3176 a.
833 3113 1029 3188 728-730,
1060 3111 1144 3194 quod
1171 3114 1332 3180 commode
1356 3114 1457 3178 tribui
1482 3122 1590 3199 potest
1615 3139 1700 3202 prae-

345 3223 425 3285 secto
449 3221 482 3284 C.
499 3219 588 3282 Aelio
604 3216 705 3292 Gallo,
729 3215 775 3280 ita
797 3215 888 3279 utin
910 3215 1030 3278 Arabia
1051 3224 1191 3280 moratus
1214 3216 1256 3280 sit
1278 3237 1334 3300 per
1354 3216 1561 3301 posteriorem
1580 3229 1699 3305 partem
1780 3272 1781 3277 1

345 3324 421 3388 anni
433 3325 495 3386 729
519 3322 717 3406 prioremque
735 3340 761 3383 a.
772 3319 835 3384 730
859 3318 1027 3395 (hiemavit
1041 3319 1127 3385 enim
1141 3319 1331 3383 Leuceoome
1346 3327 1379 3384 ct
1393 3338 1513 3386 annum
1527 3323 1581 3391 vol
1594 3325 1700 3408 paullo

346 3427 417 3511 plus
440 3425 474 3488 in
494 3424 691 3508 expeditione
707 3423 926 3507 consumpsit),
951 3422 1076 3489 rediens
1091 3423 1165 3486 inde
1180 3422 1298 3499 statim,
1322 3423 1357 3488 id
1371 3430 1421 3488 est
1434 3433 1576 3492 extremo
1591 3430 1697 3504 aido,

345 3544 557 3595 successorem
585 3527 754 3610 acceperit,
785 3533 820 3592 ut
849 3547 904 3610 par
932 3533 1000 3591 erat
1027 3527 1122 3590 rebus
1145 3526 1320 3597 infeliciter
1347 3528 1456 3610 gestis.
1508 3530 1570 3594 Cui
1597 3547 1698 3597 rerum

344 3634 446 3700 ordini
471 3630 625 3716 quomodo
647 3629 828 3694 testimonia
850 3637 1014 3695 auctorum
1035 3631 1233 3706 conveniant,
1262 3630 1327 3694 iam
1350 3631 1525 3699 videamus.
1579 3634 1622 3698 Et
1642 3635 1699 3700 Dio

304 3777 307 3787 ι
344 3739 473 3820 quidem
489 3733 720 3819 expeditionem
739 3733 907 3798 Arabicam
923 3735 1019 3800 refert
1034 3734 1074 3798 ad
1090 3752 1118 3798 a.
1133 3735 1206 3809 730,
1231 3753 1294 3817 quo
1309 3735 1404 3798 tinem
1420 3735 1542 3800 habuit.
1579 3738 1699 3804 Deinde

344 3843 505 3921 Augustus
527 3861 600 3904 curn
620 3837 741 3901 scribat
763 3838 869 3901 comm
891 3840 961 3916 fere
984 3846 1121 3919 tempore
1143 3846 1309 3920 utramque
1324 3837 1561 3921 expeditionem
1573 3857 1699 3926 suscep
1778 3884 1782 3897 .

344 3953 408 4010 tam
432 3962 510 4018 esse,
535 3940 709 4006 secundum
732 3959 829 4025 supra
852 3940 1010 4024 explicate
1032 3961 1068 4004 eo
1091 3941 1160 4025 ipso
1183 3961 1264 4005 anno
1283 3942 1358 4016 730,
1382 3961 1444 4023 quo
1468 3943 1613 4010 Arabica
1632 3967 1699 4030 per·
1781 3968 1782 3971 ’

343 4056 413 4114 acta
428 4055 487 4122 est,
511 4066 583 4112 cum
598 4046 722 4128 Syenen
739 4052 946 4128 occupassent
961 4043 1142 4128 Aethiopes,
1164 4050 1316 4127 sequente
1332 4045 1393 4108 731
1411 4046 1580 4114 Petronius
1595 4059 1700 4114 contra
1778 4046 1782 4127 ζῖ

343 4155 399 4218 hos
422 4152 579 4237 proiectus
603 4157 659 4214 est.
707 4149 858 4212 Convenit
886 4167 1012 4232 <proque
1040 4149 1205 4214 Horatium
1226 4148 1261 4212 in
1291 4147 1371 4214 libro
1400 4151 1502 4233 primo
1524 4153 1700 4218 carminum

342 4257 425 4322 edito
445 4277 471 4319 c.
485 4275 512 4318 a.
527 4254 591 4317 730
606 4252 728 4316 duobus
745 4254 822 4318 locis
838 4256 884 4334 (1,
900 4256 952 4320 29.
966 4255 1024 4336 35)
1040 4253 1225 4318 meminisse
1240 4252 1450 4336 expeditionis
1468 4256 1624 4322 Arabicae
1638 4279 1697 4322 non
1776 4268 1781 4341 g

342 4364 452 4436 sactae,
477 4359 532 4424 sed
556 4359 679 4421 futurae
702 4379 835 4441 eamque
859 4357 1073 4442 composuisse
1096 4374 1167 4420 cum
1189 4356 1390 4440 expeditione
1403 4358 1480 4424 item
1494 4359 1607 4424 {utura
1620 4362 1698 4426 Brit·
1776 4344 1781 4361 ¹

342 4465 478 4540 tannica,
502 4461 592 4526 cuius
616 4462 806 4526 mentionem
831 4461 921 4526 inicit
936 4462 996 4525 Dic
1009 4462 1062 4536 53,
1080 4461 1121 4526 22
1145 4460 1185 4524 ed
1202 4482 1230 4523 e.
1244 4459 1306 4524 727
1312 4461 1357 4548 (S.
1392 4461 1546 4545 Iosephus
1563 4463 1697 4546 denique

342 4575 426 4644 (ant.
452 4567 520 4630 lud.
548 4567 597 4640 15,
621 4567 651 4641 9,
672 4569 699 4629 1.
718 4567 747 4627 2.
765 4565 806 4643 3)
837 4564 882 4628 sic
911 4564 1031 4639 scribit,
1061 4563 1196 4628 Herodis
1228 4583 1310 4628 enno
1339 4564 1428 4645 regni
1455 4563 1550 4630 tertio
1577 4567 1698 4632 decimo

342 4675 382 4750 (4
398 4675 474 4758 Apr.
493 4673 555 4735 720
574 4706 614 4722 -—
631 4671 651 4734 3
667 4672 744 4754 Apr.
763 4669 847 4751 730)
871 4670 987 4733 tarnem
1012 4669 1116 4733 tuisse
1145 4668 1179 4731 in
1201 4668 1320 4734 Iudaea
1340 4687 1476 4751 comque
1496 4671 1698 4736 continuasse

342 4799 426 4842 anno
453 4783 605 4858 sequente
636 4776 671 4853 (4
688 4776 764 4857 Apr.
782 4774 846 4838 730
864 4808 904 4822 -
920 4773 1035 4855 3-Apr.
1052 4773 1148 4855 731),
1184 4793 1290 4854 regem
1318 4779 1424 4840 mrtem
1452 4773 1481 4836 ei
1511 4775 1698 4842 subvenisse
