3734 5517
679 375 832 431 TITVLVS
852 376 1068 432 riuturruve
1487 378 1548 442 125

1321 475 1343 515 Ι

187 571 263 616 oum
284 549 427 615 Herodes
456 547 626 613 excesserit
653 550 763 614 1750
792 571 864 615 vere
894 549 1016 632 (ldeler
1040 550 1351 632 01111111.2,390).
1402 552 1446 616 At
1474 552 1548 615 inde

185 653 321 718 minime
345 653 489 737 sequitur
512 652 561 718 bis
585 673 712 716 oensem
735 673 804 718 esse
827 653 979 718 Iudaeam
999 674 1018 716 a
1040 653 1182 732 Quirinio
1206 660 1238 720 et
1259 654 1397 738 primum
1419 655 1548 738 quidem

185 777 223 820 eo
246 762 403 841 tempore,
433 775 494 838 quo
518 777 537 819 a
558 756 709 820 Romanis
735 756 824 822 nullo
848 756 942 820 modo
965 757 1087 820 censeri
1109 757 1214 841 potuit
1236 778 1381 841 quaeque
1405 758 1474 822 eins
1497 779 1547 840 ge-

185 861 272 925 neris
296 861 361 924 alia
389 859 533 924 homines
556 860 692 942 theologi
714 860 766 924 vel
794 881 857 924 non
881 860 1035 943 theologi,
1067 861 1124 924 sed
1146 861 1186 924 ad
1209 861 1311 924 instar
1332 861 1548 943 theologorum

186 984 226 1027 ex
248 962 387 1028 vinculis
411 963 667 1040 sermocinantes
698 962 773 1026 inde
803 962 884 1027 effici
908 983 1001 1048 posse
1025 963 1088 1027 sibi
1110 963 1258 1049 primum,
1288 983 1362 1027 mox
1385 963 1457 1027 aliis
1478 985 1547 1047 per-

184 1072 365 1144 suaserunt,
390 1067 446 1131 sed
468 1067 527 1132 hoo
550 1067 694 1149 sequitur
716 1066 834 1130 Lucam
856 1066 890 1130 in
906 1087 1012 1130 rerum
1027 1067 1181 1131 memoria
1196 1066 1349 1131 tradenda
1363 1087 1438 1131 vera
1453 1065 1545 1130 falsis

184 1170 364 1235 miscuisse.
416 1169 526 1254 Neque
554 1171 587 1235 id
616 1190 678 1234 non
701 1170 839 1255 pervidit
861 1172 954 1235 homo
984 1191 1048 1236 nen
1070 1172 1159 1235 rudis
1182 1176 1215 1236 et
1237 1171 1315 1238 satis
1339 1177 1449 1236 aoutns
1472 1171 1546 1235 Ter-

183 1274 357 1352 tullianus3
385 1293 460 1337 nam
489 1283 526 1336 ut
554 1274 710 1338 contraria
737 1273 795 1337 illa
824 1275 957 1340 evitaret
985 1275 1118 1339 fortasse
1145 1274 1268 1339 obieeta
1291 1274 1479 1339 Christianis
1506 1275 1545 1338 ab

185 1378 294 1460 aliquo
319 1397 427 1442 eorum
450 1376 645 1454 adversario,
678 1377 857 1453 Quirinium
879 1379 1016 1443 missum
1042 1379 1118 1442 lecit
1140 1399 1316 1462 censusque
1339 1378 1412 1441 illos
1435 1377 1546 1442 scribit

184 1492 278 1546 actos
308 1481 366 1544 sab
389 1482 534 1560 Augusto
562 1483 596 1544 ia
619 1481 740 1544 [adora
760 1503 821 1564 per
845 1483 984 1546 Sentium
1008 1484 1211 1546 Saturninum
1239 1481 1330 1567 (adv.
1353 1482 1546 1545 Marcionem

183 1588 215 1662 4,
231 1586 299 1669 19),
317 1581 439 1648 scilicet
453 1583 509 1666 qui
523 1584 696 1668 praefuerit
711 1583 820 1668 Syriae
836 1585 907 1650 vivo
923 1585 1057 1651 Herode.
1072 1623 1114 1632 -
1130 1587 1215 1650 Haeo
1231 1607 1313 1669 quae
1328 1585 1544 1649 enarravimus

184 1710 259 1754 oum
288 1687 327 1751 de
351 1686 496 1763 Quirinio
515 1686 597 1750 nihil
621 1686 752 1752 doceant
774 1688 903 1753 aliunde
926 1711 990 1754 nnn
1013 1690 1189 1772 cognitum
1220 1696 1326 1754 tamen
1347 1690 1450 1753 Lucae
1473 1709 1544 1752 nar·

182 1793 265 1858 ratio
288 1791 352 1856 alio
374 1790 501 1855 nomine
529 1792 662 1856 fortasse
685 1792 725 1856 ad
748 1799 889 1858 nostram
917 1814 987 1859 rem
1008 1793 1086 1858 facit
1106 1793 1306 1878 prioremque
1330 1792 1439 1876 Syriae
1461 1791 1544 1874 lega-

182 1898 303 1961 tionem
326 1893 462 1971 Quirinii
492 1893 721 1976 quodammode
751 1902 783 1959 et
804 1895 877 1980 ipsa
899 1897 1073 1961 confirmat.
1124 1895 1207 1960 Nam
1229 1896 1332 1982 pergit
1353 1896 1497 1971 Lucas3,
1513 1899 1541 1958 1.

182 2000 224 2064 23
248 2000 357 2062 Iesum
380 1996 520 2082 coepisse
543 1997 670 2082 publice
698 1998 839 2082 profiteri
867 2018 949 2063 anno
973 1999 1095 2063 decimo
1119 1999 1231 2082 quinto
1254 1999 1377 2064 Tiberii
1401 1999 1543 2064 Caesaris

182 2123 283 2168 annos
305 2107 417 2166 natum
440 2101 563 2165 circiter
578 2101 721 2184 triginta3
746 2101 830 2165 unde
846 2102 1064 2167 Tertullianus
1081 2103 1167 2186 (adv.
1183 2102 1316 2167 ludaeos
1332 2123 1358 2166 o.
1372 2103 1408 2187 8)
1424 2102 1543 2185 aliique

180 2205 307 2288 antiqui
334 2209 440 2289 patres
470 2205 646 2291 complures
676 2205 845 2274 effecerunt
869 2205 1031 2271 Christum
1060 2213 1171 2271 natum
1198 2227 1267 2271 esse
1295 2226 1376 2270 anno
1405 2206 1543 2287 Augusti

179 2308 423 2394 quadragesimo
445 2307 546 2393 primo
570 2309 621 2374 vel
645 2309 885 2392 quadragesimo
909 2310 1048 2375 secundo
1072 2305 1400 2388 1111111175112
1424 2307 1542 2392 (Ideler

180 2412 328 2478 Chronol.
348 2413 376 2489 l,
394 2413 483 2496 385).
529 2413 630 2477 Lucas
654 2435 732 2476 num
754 2413 800 2476 ita
822 2420 854 2478 et
876 2414 946 2500 ipse
969 2415 1159 2499 computarit
1186 2420 1218 2479 et
1238 2415 1297 2480 hnc
1320 2412 1450 2497 quidem
1472 2413 1540 2477 loco

177 2517 218 2580 de
236 2514 380 2593 Quirinio
405 2515 559 2598 cogitarit,
585 2516 725 2581 dubitari
748 2523 862 2601 potest,
886 2537 962 2581 nam
984 2517 1023 2581 de
1047 2523 1149 2582 aetate
1171 2538 1235 2581 non
1257 2522 1400 2581 accurate
1423 2537 1457 2581 11
1478 2523 1541 2580 tra-

176 2621 251 2685 dere
274 2619 344 2704 ipse
367 2618 487 2683 indicat
510 2620 598 2703 (ὡσεὶ
621 2619 695 2682 ἐτῶν
719 2621 899 2706 τριάκοντα),
930 2641 1034 2704 neque
1056 2642 1130 2686 eum
1153 2622 1217 2685 sibi
1240 2625 1382 2684 constare
1404 2619 1439 2683 in
1462 2625 1540 2684 tem·

176 2744 291 2808 porum
314 2721 436 2786 ratione
459 2722 550 2786 modo
573 2723 722 2788 vidimus.
777 2724 839 2788 Sed
863 2730 971 2789 tamen
1001 2745 1073 2789 cum
1101 2746 1198 2811 supra
1220 2725 1540 2788 demonstraverimus

177 2827 281 2892 videri
297 2825 478 2903 Quirinium
500 2846 557 2911 per
581 2847 609 2890 1.
626 2827 699 2890 751.
716 2828 780 2892 752
803 2828 943 2913 primum
964 2829 1141 2913 praefuisse
1156 2828 1277 2913 Syriae,
1301 2827 1375 2892 huin
1399 2828 1540 2913 opinioni

176 2953 216 2995 ex
246 2931 319 3016 ipso
342 2930 428 2994 Luoa
454 2929 652 3013 aliquantum
679 2932 916 3015 probabilitatis
947 2933 1077 2998 accedit.
1129 2933 1211 2998 Nam
1233 2934 1334 2998 Lucas
1358 2953 1428 2996 oum
1453 2932 1539 2996 Chri-

175 3041 262 3100 stum
285 3039 398 3098 natum
420 3034 533 3098 statuit
564 3055 589 3097 o.
607 3055 634 3097 1.
652 3037 671 3098 7
675 3035 716 3098 52
741 3035 884 3111 Quirinio
908 3035 1034 3120 Syriam
1057 3036 1314 3114 administrante,
1347 3056 1410 3100 non
1433 3035 1539 3119 posuit
1635 3051 1637 3060 ’

174 3139 240 3202 nisi
262 3137 444 3223 probabilia
466 3143 506 3214 11,
535 3143 757 3222 praeterquam
781 3138 864 3222 quod
888 3139 1044 3204 Herodem
1070 3141 1155 3204 male
1182 3140 1303 3216 ascivit,
1333 3159 1368 3203 eo
1395 3137 1461 3202 solo
1483 3159 1537 3202 no-

172 3245 262 3308 mine
285 3242 417 3320 erravit,
449 3242 534 3325 quod
556 3263 686 3306 censum
717 3263 755 3306 ex
779 3243 916 3319 Quirinii
943 3243 1214 3310 administratione
1243 3242 1414 3328 posteriore
1436 3248 1537 3307 trans·

177 3346 256 3412 tulit
277 3346 313 3410 in
335 3345 481 3431 priorem.

263 3449 319 3516 IV.
364 3449 457 3512 Diem
494 3446 573 3514 obiit
606 3449 767 3526 Quirinius
803 3454 884 3514 teste
912 3449 1023 3514 Tacito
1058 3450 1151 3533 (ann.
1177 3450 1214 3526 3,
1238 3451 1303 3534 48)
1339 3449 1536 3532 grandaevus

175 3576 207 3619 a.
225 3575 257 3622 u.
271 3557 332 3618 771
358 3555 426 3618 sive
449 3575 480 3638 p.
498 3554 570 3618 Chr.
587 3556 627 3618 21
652 3555 760 3638 itaque
783 3555 927 3637 Augusto
951 3554 1138 3639 supervixit.

289 3659 485 3743 Quapropter
508 3661 657 3742 quattuor
678 3658 745 3722 illis
762 3658 849 3723 tituli
865 3657 1039 3723 Tusculani
1054 3657 1182 3723 indiciis
1206 3679 1279 3722 oum
1293 3656 1410 3739 reliqui
1425 3654 1535 3738 Syriae

172 3762 274 3846 legati
303 3761 360 3846 qui
384 3761 513 3844 quidem
534 3763 602 3827 noti
629 3762 694 3826 sint
723 3762 931 3827 excludantur
955 3783 1080 3840 ornnes,
1110 3762 1149 3826 de
1173 3762 1238 3827 solo
1261 3766 1368 3825 autem
1392 3759 1535 3836 Quirinio

171 3887 236 3931 non
258 3864 355 3930 modo
377 3864 459 3928 nihil
482 3863 634 3942 tradatur,
658 3865 744 3948 quod
760 3887 832 3930 oum
854 3865 948 3930 titulo
964 3865 1144 3930 Tusculano
1164 3884 1227 3928 non
1242 3870 1325 3928 reete
1340 3863 1533 3940 eoncilietur,

172 3969 231 4034 sed
255 3969 356 4033 etiarn
379 3967 567 4033 conveniant
588 3968 623 4032 in
647 3989 719 4033 eum
736 3969 816 4054 ipsis
833 3969 1023 4034 adversariis
1038 3969 1211 4033 latentibus
1227 3973 1411 4032 ornamenta
1424 3967 1533 4032 trium-

170 4073 294 4157 phalia,
325 4091 410 4136 mors
432 4076 504 4157 post
526 4071 716 4154 Angustum,
746 4070 882 4155 deniqne
906 4071 990 4154 quod
1012 4071 1188 4136 maximum
1215 4076 1264 4136 est
1287 4071 1397 4154 Syriae
1418 4069 1533 4151 legatio

169 4177 303 4261 duplex,
330 4195 410 4258 quae
432 4180 556 4260 praeter
578 4175 662 4238 huno
686 4175 741 4239 alii
757 4175 840 4239 nulli
855 4175 921 4240 ullo
936 4181 1077 4258 tempore
1093 4174 1219 4239 videtur
1235 4174 1395 4258 obtigisse,
1419 4173 1532 4237 Tibur-

166 4281 275 4344 tinum
290 4279 502 4362 fragmentum
526 4279 733 4364 probabiliter
756 4279 801 4342 sio
829 4279 1131 4361 redintegrabimus‚
1162 4279 1262 4364 patris
1286 4277 1422 4357 Quirinii
1443 4297 1531 4360 prae·

166 4385 299 4450 nomine
323 4371 443 4448 adscito
467 4384 619 4448 11111111
642 4384 753 4448 Dionis
781 4384 922 4464 (0111.
946 4385 962 4446 I
984 4403 1015 4468 p.
1030 4383 1128 4467 547);
