3734 5517
1449 418 1508 483 131

243 589 299 654 ille
321 590 478 675 pertineat
506 591 545 655 ad
575 612 688 677 pueros
711 591 852 656 nondum
880 593 915 656 in
937 593 1040 656 forum
1070 590 1236 672 deductos,
1266 594 1302 659 hi
1324 593 1365 659 sd
1387 592 1509 659 adules-

243 701 349 760 centes
371 695 427 778 qui
441 695 566 760 virilem
580 705 687 779 togam
702 695 922 782 sumpsissent,
942 697 1039 761 illum
1060 696 1151 782 pueri
1165 696 1231 783 ipsi
1244 698 1279 762 10
1294 699 1377 763 circo
1391 698 1508 776 ineant,

242 798 300 863 hos
324 799 391 863 suis
407 799 587 884 sumptibus
609 799 705 865 sevini
720 800 839 865 faciant
859 800 1076 885 praesidentes
1093 800 1135 865 iis
1154 802 1247 886 quasi
1266 802 1396 886 quidam
1412 802 1510 886 magi·

244 909 372 969 stratus.
850 909 853 924 ’
1326 901 1333 916 ’

154 1082 185 1146 p.
198 1062 241 1126 48
265 1083 295 1127 v.
311 1064 352 1127 19
375 1067 448 1147 post
465 1067 642 1146 imperante
664 1063 781 1129 excidit
803 1086 850 1129 eo.
875 1119 878 1123 ,

153 1227 183 1290 p.
197 1207 252 1270 49.
299 1205 387 1271 Misit
410 1206 451 1271 ad
480 1229 531 1272 me
553 1205 653 1272 Roma
674 1208 828 1293 Iosephus
851 1207 976 1273 Lovatti
1005 1208 1050 1271 rei
1078 1207 1274 1272 nummariae
1297 1207 1509 1295 peritissimus

242 1310 386 1396 mihique
408 1313 528 1377 amicus
552 1321 699 1399 ectypum
723 1321 885 1400 acceptum
909 1336 928 1378 a
950 1314 1018 1379 viro
1042 1313 1219 1378 clarissimo
1235 1319 1266 1378 01
1279 1311 1509 1378 humanissimo

241 1415 387 1480 Tesserio
410 1417 532 1482 nummi
555 1416 649 1482 huius
674 1420 790 1484 servati
813 1419 846 1483 in
870 1419 1063 1485 bibliotheca
1084 1418 1253 1483 Vaticanat

240 2052 344 2118 Addit
366 2052 450 2116 idem
467 2051 629 2117 Lovattius
653 2051 773 2117 editum
797 2071 866 2116 esse
889 2073 1055 2116 nummum
1079 2051 1155 2116 olim
1171 2075 1191 2116 0
1207 2053 1327 2118 Goltzio
1350 2054 1438 2139 (opp.
1459 2052 1509 2120 ed.

239 2156 498 2243 Antverp.1708
528 2156 626 2222 vol.2
655 2155 737 2218 inter
766 2175 912 2220 nummos
936 2156 978 2219 M.
996 2157 1127 2221 Antonii
1154 2157 1220 2221 tab.
1236 2158 1281 2221 40
1303 2178 1334 2220 n.
1350 2158 1389 2241 l)
1416 2162 1449 2221 et
1471 2178 1510 2220 ex

239 2261 364 2326 Goltzio
387 2259 590 2324 aVaillantio
614 2260 714 2343 (num.
739 2259 812 2323 fam.
835 2259 952 2325 Anton.
976 2281 1007 2322 n.
1016 2261 1081 2340 74),
1106 2260 1208 2325 denuo
1231 2281 1333 2346 nuper
1355 2282 1374 2323 0
1395 2261 1510 2325 comite

239 2367 360 2432 Milano
397 2366 622 2449 (propressieo
654 2366 765 2428 lavoro
785 2385 846 2446 per
876 2361 927 2427 ia.
955 2364 1036 2428 1851
1067 2366 1224 2450 p.2sq.)‚
1258 2363 1314 2448 qui
1347 2364 1409 2429 tria
1441 2364 1509 2428 eius

239 2468 387 2554 exempla
414 2469 590 2554 repperisse
614 2489 647 2533 se
671 2468 782 2532 scribit
804 2469 838 2531 in
865 2487 974 2532 museo
999 2469 1161 2534 Paschalis
1186 2469 1284 2534 Grillo
1306 2469 1342 2534 in
1363 2469 1509 2554 Aprutiis

238 2573 327 2656 quod
349 2571 420 2649 fuit,
443 2572 507 2637 iam
529 2592 647 2637 venum
670 2571 752 2638 dato.
785 2571 913 2636 Praeter
935 2593 1101 2637 nummum
1117 2572 1511 2639 bibliothecaeVaticanae

239 2676 405 2742 Lovattius
435 2675 504 2761 ipse
533 2676 614 2740 vidit
642 2675 759 2739 Romae
787 2695 932 2738 nummos
964 2675 1043 2739 duos
1072 2676 1150 2741 alios
1180 2684 1283 2742 certae
1310 2652 1511 2760 dntiquitatis

238 2787 422 2864 utrumque,
447 2780 580 2844 alterum
603 2779 688 2864 apud
703 2778 918 2864 Depolettium
941 2780 1154 2862 negotiantem
1176 2802 1283 2846 rerum
1297 2781 1509 2865 antiquarum,
1630 2795 1635 2809 '

240 2886 380 2950 alterum
407 2884 491 2969 apud
520 2884 656 2949 amicum
685 2883 854 2968 quendam.
905 2883 995 2948 Idem
1024 2885 1136 2951 scribit
1164 2891 1304 2971 repertos
1334 2906 1403 2949 esse
1431 2885 1510 2949 duos

240 2995 326 3054 certe
342 3010 381 3052 ex
395 2988 482 3052 hisce
497 2988 830 3053 nummisVaticanum
846 2997 878 3052 01
888 2987 1145 3072 Depolettianum
1156 2989 1191 3053 10
1202 2989 1350 3054 thesauro
1362 2989 1509 3072 quodam,

241 3094 278 3156 in
313 3112 375 3177 quo
410 3112 474 3156 non
503 3098 609 3156 000001
637 3091 701 3156 0101
734 3091 856 3156 denarii
891 3091 1051 3175 legionum
1085 3093 1352 3170 Antonianarum,
1385 3091 1510 3176 peculio

240 3181 403 3282 quondam
425 3197 534 3280 opinor
556 3195 668 3259 militis
692 3195 827 3259 alicuius
850 3197 1024 3261 Antoniani
1054 3196 1109 3279 qui
1132 3196 1173 3260 ad
1195 3197 1324 3261 Aetium
1346 3195 1512 3261 dimicavit

238 3303 449 3385 denariosque
478 3301 551 3365 illos
580 3299 730 3384 stipendii
760 3300 887 3364 nomine
916 3301 1048 3385 accepit3
1081 3305 1118 3364 ut
1146 3301 1265 3385 reperti
1292 3306 1367 3365 sunt
1389 3300 1511 3365 similes
1609 3379 1614 3389 ἴ

239 3406 384 3471 thesauri
406 3425 468 3468 non
491 3405 644 3469 habentes
667 3404 731 3468 nisi
754 3403 837 3467 solos
861 3402 1007 3469 denarios
1030 3403 1213 3468 Italicorum
1237 3404 1282 3489 (v.
1306 3406 1510 3469 00100.Μοπο-

237 3532 343 3575 wases
366 3531 396 3594 p.
409 3509 501 3592 325).
534 3510 645 3591 Itaque
667 3507 731 3571 iam
754 3507 907 3570 habemus
923 3506 1069 3571 denarios
1084 3507 1245 3592 legionum
1259 3508 1511 3573 Antonianarum

240 3613 522 3696 vigintiquinque,
546 3632 659 3696 nempe
675 3631 804 3675 numero
826 3611 974 3676 continuo
997 3631 1016 3674 a
1037 3611 1141 3695 prima
1156 3611 1196 3676 ad
1211 3613 1396 3677 vicesimam
1416 3633 1510 3694 quar-

236 3730 316 3796 tam,
341 3724 503 3803 praeterea
523 3718 711 3794 tricesimae,
735 3715 825 3781 euius
848 3714 1004 3780 rarissimi
1027 3715 1149 3780 denarii
1171 3717 1248 3781 item
1269 3737 1308 3779 ex
1329 3735 1438 3780 museo
1450 3715 1510 3780 Va-

237 3825 346 3888 ticano
380 3829 527 3906 ectypum
549 3821 711 3886 Lovattius
739 3819 1004 3886 subministravit.
1056 3821 1202 3885 Ceterum
1231 3841 1269 3882 ea
1295 3839 1376 3902 quae
1399 3840 1510 3906 propo-

237 3928 365 3993 suimus
393 3933 559 4012 propterea
587 3946 649 3990 non
673 3933 851 4003 mutantur3
882 3944 956 3988 nam
980 3924 1155 4008 legionum,
1187 3943 1266 4006 quas
1289 3923 1448 3989 Antonius
1469 3924 1510 3989 ad

236 4031 370 4098 Actium
399 4031 525 4107 habuit,
554 4051 720 4095 numerum
750 4037 893 4094 accurate
923 4036 1065 4093 auctores
1088 4047 1151 4092 non
1174 4026 1313 4092 tradunt.
