3734 5517
766 408 797 472 V,
810 409 843 461 36
856 435 889 446 -—
898 408 932 462 38
1486 407 1527 470 83

165 589 244 646 sunt
266 583 307 645 ab
331 582 389 645 hoc
413 580 563 646 laterculo
587 601 625 645 ex
647 581 817 666 provinciis
834 588 907 645 ante
923 583 1103 663 Augustum
1119 582 1211 644 lactis
1227 589 1350 666 praeter
1366 582 1527 664 lllyricum

164 684 256 768 (vide
281 684 320 748 ad
344 685 379 761 5,
396 685 453 765 36)
478 683 638 761 Sardinia,
664 685 785 750 Galliae
808 685 950 768 reliquae
973 691 1105 769 excepta
1126 685 1338 763 Narbonensi,
1367 686 1526 769 Bithynia,
1615 694 1618 714 ³

165 789 289 865 Cilicia,
314 789 470 871 Cyrenae3
493 810 531 851 ex
554 789 724 873 provinciis
748 789 787 852 ab
812 789 953 870 Augusto
977 788 1156 852 constitutis
1179 808 1240 852 non
1264 788 1445 853 nominatur
1465 790 1529 854 nisi

99 875 102 885 Α
163 892 292 956 Pisidia
312 891 490 955 contributa
512 911 584 954 cum
601 891 725 955 Galatia
747 891 918 975 provincia.
959 890 1119 974 Sequitur,
1143 898 1180 956 ut
1201 891 1233 954 in
1250 892 1420 976 provinciis
1436 892 1529 956 modo

164 994 317 1060 indicatis
339 991 494 1057 coloniam
517 995 637 1058 nullam
655 997 817 1078 Augustus
837 994 1018 1073 deduxerit3
1043 994 1128 1058 unde
1144 996 1282 1081 exempli
1304 1015 1400 1060 causa
1413 996 1468 1060 vix
1482 997 1529 1060 ui-

165 1101 262 1164 detur
284 1117 377 1183 posse
399 1097 525 1161 admitti
553 1098 709 1162 coloniam
732 1101 907 1182 Apameam
934 1098 969 1162 in
991 1098 1144 1182 Bithynia
1169 1099 1372 1163 constitutam
1396 1122 1465 1164 esse
1487 1101 1527 1165 ab

163 1205 313 1284 Augusto
336 1201 534 1284 (Marquardt
558 1203 742 1282 3,1,1oa>.
767 1239 807 1248 «-
831 1201 979 1266 Notabile
994 1203 1139 1285 ,denique
1160 1203 1212 1266 hic
1235 1204 1390 1267 nominari
1413 1206 1527 1290 Hispa-

165 1306 255 1370 niam
278 1313 455 1388 utramque,
480 1327 552 1369 cum
575 1305 718 1389 plerique
742 1305 930 1370 divisionem
946 1305 1106 1371 ulterioris
1121 1306 1295 1392 Hispaniae
1316 1308 1351 1370 in
1367 1308 1527 1372 Baeticam

165 1417 197 1474 et
220 1409 421 1474 Lusitaniam
443 1409 625 1472 adscribant
648 1411 791 1490 Augusto
814 1410 868 1490 (cf.
886 1410 1116 1492 MarquardtB,
1136 1414 1164 1486 1,
1181 1412 1248 1489 82),
1273 1412 1372 1475 secuti
1389 1414 1528 1498 Appiani

164 1515 273 1598 (Hisp.
294 1515 371 1591 102)
394 1533 455 1575 non
478 1511 704 1588 testimonium,
737 1513 791 1576 sed
816 1513 1028 1578 coniecturam
1051 1534 1195 1596 quaeque
1218 1513 1258 1576 de
1280 1505 1435 1578 divisione
1457 1537 1527 1601 pro-

166 1619 346 1682 vinciarum
370 1617 466 1678 refert
480 1615 539 1677 Dio
556 1615 622 1694 (53,
640 1616 693 1692 12)
717 1636 774 1678 nec
797 1615 867 1700 ipsa
890 1616 976 1680 omni
993 1617 1175 1701 exceptione
1190 1617 1320 1681 maiora.
1354 1617 1527 1704 Scriptores

164 1723 282 1788 aetatis
293 1720 481 1784 Tiberianae
498 1719 610 1783 Strabo
626 1725 658 1782 et
673 1718 756 1782 Mela
776 1739 847 1782 cum
864 1719 1026 1783 Baeticam
1041 1720 1302 1804 Lusitaniamque
1318 1722 1524 1805 distinguant,

163 1836 313 1891 neutram
337 1831 510 1906 agnoscunt
533 1821 644 1886 aetatis
669 1825 830 1906 Augustae
861 1831 1002 1886 auctores
1014 1824 1063 1907 *);
1094 1845 1134 1887 ne
1161 1824 1246 1888 tituli
1275 1826 1413 1908 quidem,
1444 1830 1527 1894 sicut

165 1929 334 2015 quaerenti
356 1928 435 1991 mihi
458 1926 619 2010 respondit
641 1926 797 1989 Aemilius
819 1927 979 2003 Huebner,
1003 1934 1089 1991 certa
1108 1935 1293 2011 argumenta
1313 1930 1526 2014 suppeditant,

165 2057 205 2098 ex
234 2033 352 2116 quihus
376 2032 497 2094 eluceat
519 2029 695 2114 provincias
720 2050 772 2092 eas
796 2029 894 2092 fuisse
923 2035 996 2092 ante
1019 2029 1183 2094 Tiberium
1206 2029 1319 2114 (Orelli
1340 2033 1441 2097 3128:
1466 2039 1524 2117 lep.

168 2143 215 2202 Τι’.
236 2139 390 2200 Caesaris
407 2137 487 2216 Acp.
510 2155 602 2214 prov.
619 2135 762 2196 ersitan.
786 2132 856 2196 coll.
875 2133 963 2197 Grut.
981 2135 1056 2209 227,
1073 2137 1092 2196 6
1116 2163 1160 2188 =
1183 2135 1217 2196 0.
1234 2134 1258 2196 Ι.
1274 2133 1309 2197 L.
1332 2135 1364 2198 Il
1386 2157 1417 2199 n.
1434 2141 1525 2224 473).

165 2247 271 2321 Quare
295 2239 477 2314 videndum,
506 2259 545 2300 ne
569 2237 748 2300 ulteriorem
773 2237 920 2300 Tiberius
943 2237 1044 2318 magis
1062 2258 1163 2319 ¹quam
1187 2238 1349 2317 Augustus
1371 2239 1526 2309 diviserit.

178 2607 247 2654 cnr.
262 2589 293 2666 5,
309 2605 339 2648 ac
355 2605 382 2648 37
416 2584 509 2648 Italia
532 2582 654 2667 au[te]m
679 2628 768 2644 ......
791 2582 970 2668 [colc]nilas,
994 2606 1076 2666 quae
1098 2581 1172 2649 vivo
1195 2606 1242 2647 me
1257 2587 1479 2651 celeberrimae
1495 2597 1527 2651 et
1601 2665 1603 2671 Ι

354 2715 383 2758 aa
415 2693 693 2778 frequentissimae
705 2695 845 2776 fuerunt,
861 2693 1110 2780 [duodetriginta
1121 2717 1142 2760 c
1153 2696 1208 2781 me]
1220 2704 1228 2770 Ι
1238 2696 1396 2762 deductas
1411 2698 1527 2769 hahet!

163 2814 387 2890 on.15‚aoalaa
416 2805 536 2877 ἸταΙλία
560 2807 593 2868 δὲ
617 2803 710 2868 εἴκοσι
734 2806 812 2868 ὀκτὼ
835 2807 971 2875 ἀποικίας
994 2805 1060 2891 ἔχει
1084 2808 1132 2870 ὑπ’
1157 2808 1231 2892 ἐμοῦ
1251 2810 1473 2893 καταχθειΊσας,
1497 2813 1528 2874 αἳ

417 2919 491 3001 ἐμοῦ
513 2916 664 3002 περιόντος
686 2916 946 3003 [ul]q[h]d[uoec]cr
970 2919 1163 3002 ἐτύνχανον.)

164 3037 214 3100 Cf.
241 3033 435 3112 SuetAug.
460 3031 518 3092 46:
543 3031 673 3093 ltaliam
696 3031 936 3108 duodetriginta
959 3033 1155 3095 coloniarum
1176 3053 1302 3096 numero
1326 3035 1529 3099 deductarum

161 3143 207 3203 ab
231 3160 267 3201 se
289 3135 513 3218 frequentauit.
554 3132 664 3217 Spatia
692 3133 875 3196 lacunarum
903 3133 1045 3197 iudicant
1076 3140 1148 3197 ante
1172 3137 1315 3199 colonius
1338 3137 1529 3202 vccabulum

162 3241 298 3324 aliquod
317 3259 372 3301 sex
389 3236 511 3300 circiter
527 3235 704 3298 litterarum
720 3235 839 3309 deesse,
864 3237 997 3300 fortasse
1014 3239 1167 3302 eiusmodi
1182 3238 1234 3331 vel
1249 3242 1390 3302 militum.
1409 3278 1451 3286 -—
1468 3243 1528 3318 Qui

162 3348 204 3409 de
230 3341 364 3409 coloniis
381 3338 533 3420 Augustis
558 3340 589 3400 in
607 3338 700 3401 ltalia
715 3357 821 3404 xxvnr
845 3345 1040 3420 postremum
1060 3339 1135 3404 data
1149 3361 1244 3425 opera
1258 3341 1323 3422 egit
1338 3342 1528 3425 Borghesius

161 3453 271 3536 (sulla
285 3449 458 3510 iscriatorrc
474 3446 634 3524 Parapino
650 3446 733 3506 della
753 3452 850 3522 portu
867 3444 992 3506 Marcio
1010 3444 1094 3508 1850
1110 3446 1171 3527 p.8
1186 3444 1249 3528 sq.)
1274 3445 1528 3531 vigintiquinque

159 3573 279 3618 earum
302 3546 547 3634 deprehendisse
571 3547 632 3610 sibi
650 3547 737 3610 visus
755 3553 812 3621 est,
839 3566 919 3629 quae
936 3553 1011 3610 sunt
1026 3545 1102 3609 hae:
1134 3547 1167 3630 1)
1191 3549 1326 3612 Acerrae
1355 3549 1389 3633 2)
1413 3550 1528 3615 Arimi·

161 3677 248 3722 num
283 3655 319 3737 3)
344 3651 450 3716 Atella
483 3652 519 3733 4)
537 3654 646 3714 Ateste
681 3652 715 3733 5)
732 3652 876 3732 Augusta
892 3651 1124 3732 Bagiennorum
1159 3654 1194 3736 6)
1211 3654 1354 3736 Augusta
1369 3655 1530 3718 Praetoria

161 3761 197 3843 7)
217 3761 368 3838 Augusta
383 3755 593 3820 Taurinorum
628 3756 662 3837 8)
680 3755 896 3819 Beneventum
930 3756 966 3837 9)
982 3755 1091 3819 Brixia
1128 3757 1183 3839 10)
1200 3757 1308 3840 Capua
1340 3756 1395 3840 11)
1412 3758 1530 3824 (lurnae

163 3864 224 3946 12)
253 3861 391 3924 Dertona
431 3860 485 3941 13)
510 3859 650 3922 Firmum
691 3857 938 3940 tharovisae
980 3856 1037 3941 15)
1058 3857 1249 3922 Laurentum
1285 3861 1339 3938 16)
1368 3859 1531 3927 Liternum

165 3969 225 4051 17)
245 3964 426 4028 Minturnae
453 3965 508 4046 18)
526 3963 662 4027 Nuceria
678 3963 863 4026 Constantia
895 3963 950 4046 19)
966 3961 1080 4027 Parma
1108 3964 1165 4046 20)
1182 3963 1312 4028 Perusia
1335 3965 1392 4049 21)
1408 3967 1531 4033 Puteoli

162 4073 224 4154 22)
254 4069 333 4132 Sora
371 4068 428 4149 23)
451 4067 594 4131 Teanum
610 4067 785 4130 Sidicinum
827 4068 884 4150 24)
909 4067 1032 4130 Verona
1066 4067 1123 4149 25)
1146 4067 1345 4133 Volturnum.
1392 4070 1532 4134 Admisit

161 4182 276 4239 autem
288 4171 479 4253 Borghesius
496 4191 620 4253 quoque
636 4171 811 4255 complures
826 4169 1022 4233 auctoritatis
1033 4189 1148 4253 parum
1160 4175 1272 4235 certae.
1296 4172 1377 4236 Tota
1388 4175 1531 4255 quaestio

161 4299 230 4342 non
261 4275 365 4340 solum
394 4275 488 4337 huius
512 4273 761 4338 commentarioli
785 4274 862 4335 fines
887 4272 1058 4352 egreditur,
1091 4273 1147 4335 sed
1174 4275 1270 4338 etiam
1293 4276 1379 4338 haud
1402 4276 1467 4340 scio
1491 4299 1531 4340 au

239 4515 262 4575 *)
282 4515 381 4566 Verum
400 4517 442 4565 cst
460 4514 528 4580 apud
542 4513 643 4564 Livium
659 4512 710 4578 legi
724 4511 765 4575 28,
777 4511 805 4562 2:
825 4511 920 4562 Poenus
940 4531 990 4562 cum
1010 4524 1094 4562 castra
1113 4524 1160 4564 tum
1173 4515 1243 4577 forle
1261 4515 1296 4564 cd
1310 4515 1428 4563 sociorum
1440 4517 1533 4566 caimos

162 4607 186 4654 in
201 4603 318 4654 Baetica
338 4601 492 4650 continendos
510 4601 534 4650 in
547 4601 602 4662 fide
622 4600 734 4658 haberem
754 4601 780 4648 at
798 4597 877 4648 rerba
896 4599 919 4648 ia
934 4599 1042 4648 Baetica
1061 4614 1092 4650 eo
1111 4614 1162 4665 quo
1176 4600 1298 4666 leguntur
1310 4599 1367 4650 loco
1380 4599 1532 4668 ferriposse

163 4693 269 4758 negant
283 4687 403 4738 Dukerus
423 4691 450 4737 et
462 4685 607 4753 Madvigius
628 4689 706 4748 recte,
727 4683 931 4752 crediderimque
951 4700 983 4735 ea
1001 4700 1051 4736 non
1071 4685 1265 4752 transponenda
1277 4701 1344 4748 esse,
1364 4686 1411 4737 sed
1423 4687 1532 4738 delenda

163 4781 261 4844 utpote
286 4773 420 4841 adscripta
441 4773 474 4826 ad
498 4772 706 4839 antiquissimum
730 4773 827 4824 hiatum
853 4771 1018 4838 explendum.
1060 4771 1125 4822 Nam
1149 4773 1220 4823 nullo
1244 4773 1302 4822 loeo
1327 4777 1462 4838 praeterea
1484 4787 1533 4839 pro

162 4863 295 4915 ulteriore
315 4861 428 4926 Hipania
446 4859 578 4910 Baeticam
599 4859 689 4909 Livius
709 4859 810 4910 ridetur
829 4873 979 4925 usurpasse.

1296 4960 1331 5011 o*
1388 4947 1394 4957 '
