3734 5517
356 345 399 410 48
940 342 988 408 Ill,
1003 342 1126 400 ao-te

357 516 526 585 Germania
546 517 717 603 superiore,
740 523 804 582 tres
825 534 897 584 555
914 535 998 584 xvnr
1014 533 1074 584 555
1097 513 1131 579 15
1148 513 1304 594 inferiore,
1328 515 1520 600 singulaein
1536 517 1712 595 Pannonia,

356 642 438 706 quae
454 628 503 688 ast
513 641 568 701 xv,
588 629 620 686 et
639 621 673 684 15
688 620 814 703 Illyrico
830 620 899 684 sive
913 618 1082 696 Dalmatia,
1107 639 1188 702 quae
1204 624 1253 686 est
1267 640 1323 688 xx.
1360 621 1446 686 Haec
1461 619 1518 703 551
1532 620 1715 686 considerat

356 746 463 792 rernm
484 725 635 810 perillus
658 744 755 790 anuos
778 730 938 806 gestarum
960 742 1024 788 non
1045 722 1224 798 immemor,
1252 725 1361 790 statim
1383 724 1569 806 cogitatione
1592 725 1715 791 incidet

356 831 391 894 15
413 830 534 896 bellum
561 829 643 896 duce
663 827 791 894 'liberio
820 828 860 893 ab
889 847 972 894 5555
995 827 1134 892 maxime
1156 829 1220 892 757
1246 827 1386 912 primum
1408 833 1517 894 contra
1538 827 1714 894 5155555555

356 954 524 1017 regemque
545 931 775 997 Maroboduum
797 938 930 1014 gestum,
954 929 1068 994 deinde
1092 935 1200 994 contra
1214 931 1392 996 Pannonios
1415 931 1643 1016 Dalmatasqne
1667 952 1714 996 re·

357 1037 523 1102 bellantes.
567 1036 636 1100 Hoc
657 1034 788 1111 bellum,
812 1033 896 1116 qnod
919 1036 1097 1100 immensam
1119 1033 1259 1117 appellat
1281 1035 1337 1118 qui
1360 1036 1389 1100 ei
1411 1037 1555 1102 interfuit
1569 1035 1713 1100 Velleius

357 1139 521 1226 (2104),
552 1137 721 1204 Suetonius
744 1142 851 1203 autem
877 1136 967 1203 testis
996 1136 1131 1222 simplex
1154 1141 1187 1202 et
1208 1138 1311 1220 gravis
1334 1141 1556 1221 pravissimam
1579 1142 1716 1204 55551555

356 1254 558 1309 almorum
579 1242 966 1321 ammoveretur
987 1239 1155 1323 (111516),
1179 1239 1327 1308 Tiberius
1351 1248 1460 1306 contra
1482 1241 1713 1308 Maroboduum

356 1347 455 1430 gessit
475 1345 654 1429 legionibus
677 1343 843 1411 duodecim
865 1343 956 1422 (Tac.
973 1363 1045 1408 555.
1059 1343 1088 1419 2,
1101 1344 1172 1428 46),
1195 1350 1305 1427 postea
1320 1351 1428 1410 contra
1442 1345 1623 1412 Pannonios
1638 1345 1714 1410 Dal·

356 1459 522 1535 metasque
545 1448 727 1534 quindecim
749 1447 893 1531 (Sueten.
910 1446 982 1512 Tib.
999 1449 1038 1517 16
1055 1446 1125 1514 coll.
1144 1445 1268 1524 115112,
1286 1449 1363 1532 113)
1387 1447 1551 1532 habitique
1574 1455 1651 1513 suut
1673 1449 1714 1514 ed

356 1561 461 1620 tautae
484 1553 590 1638 copias
614 1551 795 1618 efficiendae
818 1572 846 1615 a
863 1553 926 1616 759
950 1551 1025 1618 novi
1055 1551 1195 1616 delectus
1219 1551 1358 1635 (Valli,
1378 1551 1467 1636 110).
1513 1551 1610 1628 Hisce
1631 1552 1713 1637 ipsis

357 1657 535 1724 delectibne
556 1662 625 1722 octo
647 1675 745 1721 noras
766 1655 906 1737 legiones
929 1675 950 1718 a
970 1673 1030 1724 xm
1055 1654 1094 1722 ad
1113 1675 1161 1724 xx
1183 1655 1376 1740 conscriptae
1399 1675 1621 1734 arcacensem
1650 1677 1714 1739 quo

357 1768 484 1846 sumpto
512 1766 544 1826 55
571 1757 762 1845 explicatur,
790 1779 845 1822 cnr
870 1757 1031 1840 legionum
1052 1759 1190 1841 Augusti
1219 1758 1406 1827 laterculum
1429 1759 1489 1824 1115
1517 1757 1713 1844 adscriptum

357 1863 516 1930 invenerit
541 1862 582 1926 ad
604 1862 714 1926 5758
741 1868 774 1926 55
800 1881 855 1925 555
884 1860 1023 1943 legiones
1046 1861 1123 1928 illae
1144 1861 1184 1927 ad
1207 1881 1306 1928 unum
1329 1881 1437 1928 omnes
1459 1862 1658 1947 reperiantur
1679 1863 1713 1928 15

356 1967 539 2056 provinciis,
563 1967 602 2031 ad
626 1987 707 2049 quas
730 1965 852 2030 bellum
873 1964 956 2030 illud
977 1964 1131 2050 pervenit.

444 2073 501 2136 111.
535 2070 622 2136 luter
643 2068 792 2151 legiones,
816 2087 898 2152 qnae
921 2068 1233 2153 comprehenduntur
1255 2068 1396 2135 numeris
1420 2090 1439 2135 a
1460 2068 1563 2154 primo
1581 2068 1622 2134 sd
1638 2069 1713 2133 duo

357 2175 517 2242 decimum
537 2173 738 2258 reperiuntur
758 2191 868 2237 omncs
891 2192 962 2249 555,
993 2191 1129 2255 quarum
1159 2171 1269 2256 alique
1288 2172 1443 2238 memoria
1463 2180 1610 2257 superest
1632 2193 1714 2238 auno

358 2281 423 2345 758
453 2277 628 2362 antiquior,
659 2275 797 2342 maxime
827 2294 1036 2357 quascunque
1063 2275 1265 2340 nominantur
1291 2276 1325 2342 15
1353 2275 1492 2342 nummis
1520 2275 1715 2342 coloniarum

357 2385 398 2449 ab
420 2385 565 2464 Augusto
587 2379 795 2444 deductarum
817 2378 950 2460 signatis
972 2341 1170 2500 1555555555Ξ
1173 2353 1265 2463 51555
1287 2379 1477 2444 5555555515
1502 2379 1611 2444 nescio
1635 2399 1715 2462 5555

357 2509 398 2551 ex
424 2484 567 2550 tribus
557 2504 592 2548 m
619 2482 759 2550 nummis
782 2481 1022 2559 Accitanorum,
1052 2451 1200 2566 quarta
1191 2503 1225 2548 m
1257 2484 1486 2601 055555555555
1488 2482 1573 2559 5515,
1605 2483 1717 2566 quinta

357 2585 616 2654 Macedonicam
637 2585 877 2670 Berytensibus‚
908 2587 1031 2668 551515,
1054 2585 1188 2652 mendae
1211 2587 1330 2671 opinor,
1353 2587 1387 2652 in
1410 2586 1663 2652 Emeritensibus
1684 2594 1717 2649 55

358 2690 626 2766 Cordubensibus,
650 2695 812 2757 5555555555
834 2688 1010 2754 alteruua'
1000 2707 1032 2754 ru
1051 2689 1340 2758 Ruscinouensibns
1354 2697 1387 2755 55
1402 2690 1715 2772 Caesaraugustenis,

226 2793 230 2800 ’
356 2801 470 2860 octava
488 2793 524 2857 15
538 2789 775 2876 Rer'yteusibus,
799 2791 993 2858 decimarum
1009 2793 1161 2858 alterutra
1175 2793 1209 2858 in
1225 2793 1525 2876 Caesaraugustanis
1540 2795 1717 2862 Emeriten-

358 2901 448 2965 sibus
471 2897 728 2962 Cordubensibus
743 2896 959 2973 Patrensibus,
984 2896 1171 2962 duodecima
1192 2896 1225 2962 in
1248 2897 1454 2965 Patrensibus
1478 2897 1525 2981 (n.
1541 2897 1583 2962 ad
1598 2900 1628 2976 5,
1646 2899 1713 2982 35).

358 3003 440 3068 Nam
462 3001 600 3066 colonias
623 3001 681 3064 has
695 3002 876 3082 Augustum
900 2998 1071 3064 deduxisse
1094 3008 1167 3066 ante
1191 3021 1218 3066 5.
1233 3001 1297 3068 758
1320 3001 1437 3086 partim
1459 3008 1597 3078 constat,
1616 3009 1654 3067 ut
1676 3003 1714 3066 de

357 3109 473 3191 Beryto
496 3105 667 3181 55Ρ51515,
696 3104 812 3189 partim
835 3103 1002 3188 probabile
1024 3111 1082 3171 est.
1128 3105 1178 3170 Ab
1202 3104 1302 3173 altera
1323 3112 1412 3190 parte
1439 3104 1530 3170 nulla
1555 3111 1606 3170 eat
1633 3106 1716 3170 inter

358 3212 417 3275 has
438 3209 529 3292 logie,
554 3229 650 3293 quam
672 3214 794 3274 certum
816 3207 858 3271 sit
879 3207 1083 3274 constitutam
1105 3227 1176 3274 esse
1198 3215 1271 3293 post
1292 3230 1319 3273 a.
1337 3209 1417 3289 7583
1440 3229 1515 3274 nam
1531 3227 1636 3274 errare
1652 3229 1713 3285 eos,

358 3315 415 3398 qui
436 3314 572 3398 primam
594 3313 726 3394 credunt
751 3312 961 3397 conscriptam
989 3319 1061 3396 post
1083 3313 1206 3379 cladem
1220 3313 1406 3391 Varianam,
1435 3329 1532 3397 snpra
1554 3333 1586 3397 p.
1596 3314 1640 3378 46
1663 3313 1715 3376 ad·

357 3418 476 3484 notari.
520 3416 632 3499 Itaque
655 3423 743 3502 patet
764 3417 823 3482 hes
845 3416 986 3500 legiones
1008 3418 1270 3500 omues‘origiuis
1293 3439 1362 3482 esse
1385 3415 1584 3500 antiquioris.
1622 3416 1713 3500 Origo

358 3530 466 3595 autem
488 3519 565 3585 haec
588 3540 697 3584 rursus
719 3519 837 3604 duplex
861 3521 962 3586 inisse
991 3519 1151 3586 invenitur
1173 3520 1354 3588 nominibus
1378 3519 1423 3586 ita
1445 3521 1651 3604 comparatis,
1680 3529 1715 3586 nt

358 3647 432 3697 cum
459 3624 599 3707 legiones
621 3623 680 3688 bac
707 3644 837 3688 numero
861 3624 926 3690 sint
953 3625 1136 3703 octodecim,
1164 3633 1270 3690 555555
1299 3625 1429 3692 nomine
1453 3643 1517 3690 non
1545 3625 1716 3710 procedant

357 3731 443 3801 ultra
464 3748 632 3799 numerum
654 3727 934 3804 duodecimarium,
958 3728 1015 3793 sed
1036 3737 1161 3814 praeter
1180 3729 1297 3814 seriem
1311 3729 1494 3794 continuam
1512 3749 1533 3792 5
1551 3729 1656 3813 prima
1675 3729 1716 3792 ad

358 3832 578 3899 duodecimam
598 3838 663 3896 tres
685 3829 813 3908 tertiae,
842 3838 972 3914 quartae
1000 3839 1106 3898 autem
1129 3840 1160 3898 et
1183 3833 1312 3916 quintae
1335 3841 1367 3898 et
1389 3837 1497 3898 sextae
1520 3841 1552 3897 et
1575 3832 1716 3898 decimae

360 3934 453 4003 binae
475 3935 688 4000 inveniantur.
718 3935 886 4000 Eiusmodi
909 3956 1112 4002 numerorum
1134 3937 1303 4020 geminatio
1326 3959 1399 4002 cum
1422 3935 1589 4002 abhorreat
1611 3937 1651 4000 ab
1673 3937 1716 4001 le·

358 4038 488 4123 gionum
511 4037 765 4105 denominatione
787 4039 966 4123 antiquiore
996 4041 1195 4126 coeperitque
1215 4040 1344 4108 demum
1364 4041 1540 4125 imperante
1559 4042 1715 4123 Augusto,

359 4144 428 4208 sine
451 4142 548 4208 dubio
570 4141 645 4207 iude
667 4143 838 4228 repetenda
860 4151 919 4221 est,
943 4144 1026 4227 quod
1050 4165 1090 4210 ex
1112 4144 1302 4210 exercitibus
1323 4143 1436 4230 Lepidi
1458 4150 1491 4209 et
1504 4143 1636 4210 Antonii
1659 4145 1717 4228 qni

360 4246 486 4311 Caesari
510 4266 544 4310 se
566 4245 778 4324 tradiderunt,
808 4267 864 4312 sex
886 4248 1026 4331 legiones
1048 4247 1077 4312 is
1100 4248 1147 4312 sio
1174 4254 1210 4312 ut
1239 4254 1329 4312 eraut
1357 4248 1423 4312 suis
1453 4247 1580 4312 adiecit.
1625 4248 1715 4325 Quod

359 4348 521 4414 evidenter
544 4357 675 4434 apparet
696 4350 730 4415 15
752 4351 856 4416 551555
882 4353 1001 4430 tertiis,
1032 4373 1165 4436 quarum
1188 4353 1290 4438 prima
1312 4374 1384 4417 cnm
1407 4359 1517 4438 postea
1539 4353 1718 4437 appelletur

359 4456 513 4535 Angusta,
530 4453 599 4518 5155
614 4453 710 4519 dubio
726 4455 766 4520 ab
782 4455 852 4539 ipso
864 4457 1042 4540 5555551555
1056 4462 1113 4535 555,
1130 4457 1272 4534 alteram,
1289 4477 1370 4540 quae
1386 4464 1435 4522 est
1446 4457 1577 4534 Gallica,
1594 4463 1719 4521 constat

358 4555 514 4629 memisse
528 4556 588 4621 sub
603 4557 751 4635 Antonio,
774 4557 901 4624 tertiam
916 4559 1122 4642 Cyrenaicum
1137 4559 1303 4644 Lepidiaui
1318 4561 1473 4628 exercitus
1495 4569 1619 4646 partem
1641 4561 1719 4625 olim

358 4661 459 4727 fnisse
479 4681 594 4727 nomen
615 4661 766 4728 declarat.
800 4662 848 4727 De
864 4663 986 4746 5555515
1003 4664 1123 4748 5515515
1139 4663 1237 4730 sextis
1254 4663 1385 4731 decimis
1401 4686 1463 4732 555
1480 4664 1559 4730 55515
1574 4671 1718 4752 apparet,

360 4787 442 4860 quae
465 4766 602 4850 Augusti
624 4767 769 4853 propriae
792 4767 926 4846 tuerint,
957 4787 1036 4852 quas
1058 4788 1132 4836 vero
1155 4768 1276 4834 alienas
1299 4769 1511 4856 adsumpserit
1532 4789 1591 4834 nec
1613 4769 1718 4850 magis
