3734 5517
92 1714 94 1729 ’
196 1649 354 1767 Iudicem
377 1721 482 1765 rerum
505 1722 524 1765 a
547 1722 580 1765 se
609 1706 767 1784 gestarum
797 1722 869 1765 eum
898 1722 992 1785 quam
1022 1702 1144 1767 edimus
1168 1703 1330 1786 Augustus
1354 1722 1390 1767 eo
1413 1700 1543 1767 consilio

92 1798 93 1857 l
196 1807 349 1891 scriptum
376 1805 521 1889 reliquit,
549 1810 586 1869 ut
614 1810 685 1889 post
712 1811 844 1870 mortem
873 1806 1000 1891 publice
1027 1813 1254 1891 proponeretur
1282 1806 1316 1869 in
1337 1814 1542 1893 perpetuum3

92 1906 93 1965 ἶ
195 1931 291 1993 quam
313 1910 353 1975 ob
378 1929 444 1973 rem
471 1914 659 1973 testamento
687 1909 783 1987 cavit,
813 1914 849 1974 ut
876 1910 1067 1976 incideretur
1093 1916 1127 1975 ic
1149 1915 1276 1977 alaneio
1300 1915 1433 1994 tabulis,
1463 1934 1544 1995 quoa

92 2046 93 2109 p
195 2025 267 2080 cate
288 2018 481 2079 meacm
508 2023 722 2079 acclamantur
745 2014 893 2099 (Sueten.
910 2017 990 2099 Aug.
1008 2018 1083 2095 101;
1112 2038 1142 2080 v.
1163 2038 1195 2101 p.
1209 2017 1260 2100 3).
1310 2017 1486 2082 Paruerunt
1508 2024 1545 2081 ut

194 2119 359 2205 oportebat
381 2118 411 2181 oi
425 2118 488 2201 legi
501 2118 633 2182 heredes
649 2118 838 2201 tabulasque
853 2126 1083 2204 proposuerunt
1098 2125 1170 2184 ante
1185 2119 1379 2183 mausoleum
1397 2120 1543 2203 Augusti,

92 2236 93 2251 ¹
196 2224 325 2289 l'dcstc
347 2222 468 2287 dictum
490 2222 593 2287 medio
617 2240 707 2298 aevo,
736 2223 832 2287 situm
855 2224 889 2288 iu
913 2224 1030 2308 Campo
1052 2224 1164 2288 Martio
1188 2224 1227 2288 ad
1250 2225 1335 2289 viam
1357 2232 1438 2307 quae
1460 2246 1544 2288 nunc

92 2314 93 2353 ³
194 2335 242 2392 est
263 2327 410 2412 Ripettae
433 2326 567 2411 (Becker
588 2333 706 2411 topogr.
731 2326 819 2391 urbis
842 2328 960 2392 Romae
982 2349 1012 2413 p.
1027 2329 1116 2412 639).
1161 2328 1243 2393 Nam
1266 2329 1436 2413 exemplar,
1460 2328 1544 2412 quod

193 2431 288 2497 bodie
303 2436 447 2515 superest
461 2431 613 2513 Ancyrae,
635 2430 669 2493 in
683 2428 754 2515 ipsa
767 2432 1013 2516 praescriptione
1029 2432 1144 2496 dieitur
1160 2432 1353 2517 descriptum
1368 2454 1406 2496 ex
1422 2435 1543 2497 dnobus

194 2539 323 2600 oberrato
343 2537 439 2617 pilia,
469 2554 549 2616 quac
571 2544 644 2598 auct
666 2536 783 2599 Remea
803 2540 941 2617 positae.
993 2535 1058 2600 Neo
1080 2542 1236 2620 pugnant,
1266 2536 1348 2601 sicut
1369 2537 1474 2601 visum
1497 2542 1546 2601 est

194 2638 301 2724 Lipeio
325 2636 382 2722 (ad
397 2637 499 2701 Taciti
520 2658 591 2701 ann.
612 2641 640 2715 1,
661 2639 726 2722 11),
750 2660 821 2703 cum
844 2640 962 2705 tabulis
985 2639 1113 2704 abeneis
1137 2638 1280 2704 Suetonii
1301 2641 1385 2726 pilae
1408 2641 1546 2705 aheneae

92 2800 93 2809 ,
195 2742 385 2827 exemplaris
400 2742 575 2825 Ancyrani3
600 2762 673 2805 nam
696 2762 791 2827 prope
810 2744 931 2809 accedit
946 2742 986 2807 ad
1003 2743 1131 2808 tabulae
1147 2743 1284 2828 speciem
1297 2744 1365 2829 pila
1380 2744 1543 2827 quadrata,

195 2848 284 2913 cuius
307 2845 430 2931 postica
451 2844 492 2909 ad
514 2866 641 2911 murum
663 2846 822 2931 applicata
843 2847 894 2924 sit,
918 2848 1003 2912 latus
1024 2854 1195 2931 utrumque
1211 2848 1338 2912 brevius
1355 2847 1545 2932 ascriptum

92 2972 93 2999 ¹
195 2960 293 3017 vacet.
346 2949 446 3015 Multo
474 2949 580 3015 minus
604 2950 687 3033 quod
709 2951 906 3017 mausoleum
926 2952 1009 3016 illud
1033 2948 1072 3015 ex
1093 2952 1199 3037 lapide
1222 2953 1340 3017 factum
1363 2960 1412 3017 est
1441 2952 1546 3015 obstat

92 3074 93 3081 ¹
195 3055 364 3140 quominus
380 3061 451 3118 ante
467 3053 501 3118 id
515 3054 599 3138 pilae
615 3054 752 3119 ehennae
773 3060 909 3119 statutae
927 3056 1054 3133 fuerint,
1078 3076 1271 3140 quamquam
1287 3056 1378 3121 aliter
1393 3055 1546 3119 iudicavit

134 3222 141 3239 ,
195 3160 362 3246 Zumptius
386 3160 484 3261 (mon.
508 3160 624 3243 Ancyr.
647 3181 678 3244 p.
692 3160 760 3244 38).

303 3262 411 3329 Indice
434 3263 480 3327 ita
502 3262 628 3347 publice
651 3264 819 3347 proposito,
845 3285 941 3347 quem
956 3270 989 3329 et
1003 3264 1171 3329 auctoritas
1188 3269 1219 3327 et
1233 3262 1371 3328 brevitas
1387 3280 1545 3330 commen-

196 3370 297 3446 daret,
326 3387 388 3431 non
411 3366 528 3431 mirum
551 3373 599 3431 est
620 3386 694 3431 usos
718 3388 787 3431 esse
809 3388 914 3432 rerum
938 3368 1119 3453 scriptores,
1149 3387 1283 3451 quorum
1304 3367 1387 3431 inter
1409 3385 1461 3430 eos
1489 3365 1546 3449 qui

196 3479 303 3538 extant
317 3468 463 3537 notitiam
478 3470 546 3535 eius
567 3470 745 3536 habuerunt
759 3472 899 3536 Velleius
922 3478 954 3536 et
969 3472 1147 3536 Suetonius.
1184 3471 1266 3535 Nam
1279 3470 1431 3547 Velleius,
1455 3469 1545 3533 cuius

196 3584 297 3641 aetate
319 3574 448 3639 tabulae
462 3576 578 3639 Romae
600 3574 777 3659 propositae
800 3582 883 3653 sunt,
906 3575 1099 3662 principium
1122 3580 1204 3639 certe
1220 3574 1372 3639 memoria
1385 3574 1547 3638 invenitur

195 3681 336 3746 tenuisse
352 3680 396 3763 (v.
413 3700 443 3763 p.
453 3679 503 3763 4);
523 3677 691 3743 Suetonius
707 3685 812 3744 autem
827 3679 1059 3766 cumpluribus
1075 3679 1152 3745 locis
1168 3680 1261 3763 (quos
1277 3678 1452 3762 composuit
1465 3677 1544 3741 Leh-

92 3772 93 3787 ’
194 3806 330 3850 mannus
349 3784 500 3847 Claudias
520 3786 583 3847 aad
598 3784 682 3847 Nare
701 3784 729 3861 1,
747 3786 788 3849 50
799 3785 862 3868 sq.)
886 3790 993 3869 aparte
1016 3804 1055 3847 ex
1076 3782 1180 3847 indice
1203 3782 1328 3867 pendet,
1351 3792 1419 3846 tum
1441 3781 1544 3865 ipsam

196 3890 262 3953 eius
278 3886 516 3971 inscriptionem
531 3892 684 3952 memorat
700 3892 743 3966 (v.
760 3888 843 3953 infra
854 3890 939 3974 pe).
972 3887 1088 3953 Libelli
1102 3887 1202 3951 forma
1216 3907 1293 3949 num
1307 3886 1404 3949 index
1417 3886 1545 3971 publice

197 3994 299 4058 editus
323 3991 374 4065 sit,
397 3996 500 4077 potest
523 3990 675 4072 dubitari;
700 3999 731 4057 et
747 3994 886 4057 Velleius
902 3992 1032 4075 quidem
1055 3989 1286 4073 Suetoniusqne
1308 3989 1377 4053 fieri
1391 3995 1495 4074 potest
1509 3996 1545 4053 ut

197 4119 269 4162 eum
285 4096 419 4181 legerint
434 4094 468 4159 in
483 4096 552 4180 ipso
570 4115 640 4159 aera
655 4117 757 4181 neque
772 4097 968 4181 grammatici
983 4116 1055 4161 eum
1067 4096 1173 4160 citant.
1197 4095 1242 4159 At
1251 4115 1323 4159 oum
1338 4093 1437 4160 iidem
1447 4094 1545 4158 citent

92 4194 94 4257 !
196 4206 423 4267 testamentum
438 4198 615 4283 (Charisius
629 4221 659 4284 p.
670 4201 732 4265 105
747 4200 856 4286 Keil),
877 4200 1041 4285 probabile
1056 4205 1105 4263 aet
1118 4198 1256 4263 indicem
1272 4218 1396 4281 qnoque
1411 4197 1545 4262 bomini-

92 4318 93 4327 ’
198 4307 257 4371 bus
281 4303 382 4369 doctis
405 4303 517 4367 aetatis
541 4303 722 4388 posterioris
745 4304 778 4367 in
800 4304 948 4368 manibus
970 4303 1079 4368 fuisse.
1114 4304 1164 4367 Ad
1187 4322 1245 4366 nos
1259 4301 1403 4386 pervenit
1418 4320 1481 4365 non
1496 4321 1544 4372 co<

198 4410 323 4475 dinibus
346 4414 547 4493 propagatus,
579 4406 634 4471 sed
656 4428 712 4493 per
735 4408 926 4493 exemplaria
948 4414 1015 4473 tam
1036 4408 1138 4493 ipsius
1162 4426 1257 4489 qnam
1278 4404 1544 4491 interpretationis

199 4514 343 4590 Graecae,
368 4533 450 4597 qnae
472 4511 599 4598 publico
622 4510 751 4577 consilio
774 4512 808 4575 in
829 4511 934 4599 lapide
949 4512 1048 4582 incidi
1062 4512 1223 4577 iusserunt
1237 4530 1287 4573 res
1302 4508 1450 4594 publicae
1464 4509 1544 4575 duae

200 4618 345 4695 Graecae,
376 4616 517 4681 Galatiae
546 4616 724 4702 provinciae
748 4624 890 4701 utraque,
920 4618 1089 4700 Ancyrana
1116 4622 1148 4679 et
1169 4613 1420 4700 Apolloniensis,
1460 4615 1545 4691 Quae

200 4721 395 4789 monumenti
423 4720 557 4803 insignis
592 4722 719 4805 publica
746 4723 916 4808 propositio
945 4719 1174 4805 quodammodo
1203 4719 1370 4784 coniuncta
1397 4725 1447 4783 est
1473 4738 1544 4781 oum

92 4812 93 4819 ἵ
203 4846 307 4892 eorum
331 4824 516 4912 oppidorum
538 4826 758 4891 Caesareorum
782 4827 849 4891 sive
865 4828 1097 4910 Augusteomm
1120 4813 1343 4901 aedificatione,
1366 4823 1405 4887 de
1428 4821 1544 4904 quibus
