3734 5517
758 361 806 427 lll,
821 361 944 417 35-39
1486 363 1528 425 47

280 532 374 598 Hunc
396 531 585 598 laterculum
608 540 753 600 accurate
775 534 832 618 qui
854 535 1016 620 expendit,
1042 533 1208 618 intelleget
1229 533 1370 619 legiones
1392 535 1529 618 Augusti

169 657 210 699 ex
235 641 387 720 quattuor
410 635 643 720 quodammodo
664 639 808 723 partibus
830 639 1021 724 compositas
1045 659 1124 717 esse,
1154 639 1295 723 antiquis
1318 659 1376 723 xn,
1400 625 1528 703 adscitis

165 761 206 803 ex
230 741 375 804 exercitu
389 739 570 804 Antoniano
585 741 635 805 vel
650 741 825 826 Lepidiano
840 762 884 820 vr,
909 743 1099 826 conscriptis
1122 761 1179 826 per
1194 761 1293 806 annos
1309 743 1375 807 754
1391 763 1439 825 sq.
1458 760 1528 817 vm,

167 841 289 908 additis
312 850 384 928 post
411 843 533 910 cladem
548 845 718 911 Varianam
738 865 771 913 11.
824 846 994 912 Videamus
1023 851 1129 911 autem
1157 846 1202 911 de·
1227 846 1362 930 singulis
1385 845 1529 932 partibus

167 947 280 1012 ordine
301 948 454 1012 inverso·

257 1050 282 1114 I.
320 1050 472 1134 Legiones
495 1051 575 1116 duas
598 1051 632 1116 in
652 1052 761 1120 ordine
781 1058 939 1119 extremas
961 1073 1020 1120 xxr
1043 1058 1074 1119 st
1095 1069 1168 1120 xxn
1192 1060 1263 1139 post
1283 1051 1407 1118 cladem
1420 1051 1530 1116 Varia

165 1173 244 1218 nam
273 1154 444 1218 accessisse
466 1154 589 1220 dudum
617 1155 816 1222 intellectum
844 1165 902 1223 est.
956 1157 1100 1221 Primum
1121 1177 1273 1222 numerus
1294 1155 1529 1222 uicesimarium

165 1251 324 1342 superans
346 1256 416 1342 ipse
438 1257 496 1322 has
520 1257 660 1342 legiones
682 1266 792 1343 postea
814 1258 943 1324 demum
966 1260 1252 1343 et‘quodammodo
1275 1260 1365 1324 extra
1387 1257 1530 1323 ordinem

165 1359 310 1424 adiectas
331 1380 401 1424 esse
422 1360 538 1444 prodit.
572 1360 696 1426 Deinde
719 1383 800 1446 quae
823 1363 862 1427 de
877 1363 1035 1428 exercitus
1053 1359 1242 1428 Germaniae
1260 1362 1418 1427 inferioris
1434 1360 1529 1442 legio-

165 1464 267 1528 nibus
303 1461 533 1528 unetvicesima
566 1465 678 1547 quinta
712 1466 816 1550 prima
842 1465 995 1531 vicesima
1029 1466 1141 1531 scribit
1167 1463 1296 1532 'lacibus
1324 1465 1419 1550 (ann.
1435 1467 1470 1544 1,
1486 1463 1526 1526 31

165 1566 243 1633 coll.
266 1565 367 1630 Dione
383 1567 436 1644 57,
460 1567 503 1652 i)
532 1571 733 1633 vernaculam
760 1572 988 1635 multitudinem
1016 1589 1117 1652 nuper
1145 1580 1218 1636 octo
1247 1573 1282 1634 im
1309 1571 1387 1634 arde
1410 1569 1530 1631 debota

165 1672 307 1756 (nempe
334 1678 408 1756 post
436 1671 560 1736 cladem
573 1672 760 1751 Varianam,
790 1673 1058 1758 saloissam)
1089 1683 1261 1738 ceterorum
1289 1675 1383 1738 rader
1408 1673 1529 1736 caimos

166 1775 325 1852 tremisse,
348 1774 397 1840 ita
417 1773 656 1859 interpretanda
677 1783 761 1855 sunt,
783 1777 941 1860 legionem
956 1797 1065 1844 recens
1089 1777 1300 1862 conscriptam
1318 1796 1377 1844 xxr
1394 1773 1529 1840 traxisse

166 1883 234 1942 tres
257 1876 399 1960 reliquas
419 1883 596 1944 veteranas
633 1879 728 1962 Legio
751 1886 856 1945 autem
872 1901 946 1949 xx11
963 1903 1034 1946 oum
1059 1881 1231 1947 constituta
1253 1901 1323 1946 essa
1345 1900 1408 1945 non
1429 1876 1531 1963 possit

169 1986 244 2044 ante
266 1981 384 2045 factam
406 1980 565 2064 legionem
586 2002 653 2061 xxi,
679 1982 790 2049 eodem
806 1989 954 2069 ‘tempore
977 1986 1057 2048 bano
1081 2005 1207 2069 quoque
1229 1984 1369 2049 additam
1392 1980 1530 2047 eredide-

167 2084 246 2161 rim,
260 2082 399 2149 ’scilieet
425 2084 584 2149 militibus
605 2085 832 2164 Deiotarianis‚
864 2088 920 2170 qui
945 2088 994 2153 vel
1023 2088 1157 2172 abipso
1186 2107 1259 2170 rege
1282 2087 1395 2152 armati
1424 2090 1456 2149 et
1482 2083 1530 2147 in·

169 2187 285 2253 structi
303 2194 414 2257 essent
428 2188 569 2254 Romano
591 2209 678 2254 more
692 2196 733 2254 -ot
753 2208 827 2255 cum
848 2211 944 2274 regno
960 2192 1028 2255 eius
1045 2191 1084 2256 ad
1100 2193 1280 2274 Augustum
1300 2188 1529 2275 peruenissent,

167 2293 227 2357 illo
249 2297 400 2377 tempore,
431 2312 495 2376 quo
517 2293 773 2377 quibuscumque
795 2294 898 2359 modis
926 2295 1030 2380 potuit
1056 2294 1163 2380 copias
1185 2295 1343 2360 Romanas
1366 2295 1529 2375 Augustus

171 2396 326 2480 augebat,
356 2396 485 2461 civitate
508 2397 651 2461 Romana
673 2397 800 2462 donatis
821 2403 854 2462 et
874 2398 908 2462 in
931 2398 1065 2482 legionis
1087 2399 1221 2464 formam
1242 2395 1388 2460 redactis.
1437 2391 1529 2458 Unde

168 2501 267 2564 mam
290 2498 385 2564 facile
406 2497 601 2585 explicatur,
630 2521 686 2564 cur
713 2501 754 2564 ad
777 2521 806 2565 a.
829 2523 862 2568 u⁴
876 2523 904 2566 c.
920 2503 986 2567 758
1009 2501 1068 2566 Dio
1085 2503 1153 2586 (58,
1172 2501 1229 2586 23)
1256 2501 1372 2564 referat
1393 2518 1429 2577 eo
1451 2503 1529 2562 tem-

166 2621 244 2688 pore
270 2601 373 2666 inisse
399 2602 538 2686 legiones
568 2605 687 2670 ciuium
708 2606 922 2671 Romanorum
942 2625 1027 2674 xxrrr
1058 2613 1114 2672 aut
1141 2603 1315 2670 secundum
1333 2602 1418 2668 alios
1442 2621 1526 2680 xxv3

167 2705 302 2782 scilicet,
326 2706 409 2771 siout
430 2705 570 2792 pervidit
591 2708 812 2774 Groteiendins
836 2710 1042 2793 (Zeiteolrrist
1064 2713 1120 2792 far
1142 2710 1420 2774 Altertbamsmim.
1445 2707 1530 2770 1840

166 2830 198 2894 p.
213 2808 306 2892 659),
328 2816 401 2893 post
423 2808 547 2876 cladem
562 2811 734 2876 Varianam
756 2818 917 2897 acceptam
932 2814 1096 2896 Augustus
1119 2811 1233 2878 habuit
1254 2813 1394 2896 legiones
1415 2810 1529 2892 viginti
1648 2802 1652 2812 '

167 2920 245 2991 tres,
269 2913 406 2980 moriens
428 2914 561 3000 reliquit
583 2916 697 3000 viginti
720 2917 871 3000 quinque.
1367 2951 1370 2960 =

257 3016 301 3081 IL
334 3016 510 3100 Legionem
536 3022 556 3085 a
582 3019 678 3085 tertia
711 3020 835 3086 decima
861 3019 901 3084 ad
931 3020 1117 3085 vicesimam
1145 3019 1225 3084 ratio
1253 3019 1332 3085 item
1359 3016 1529 3104 peculiaris

168 3127 232 3184 est.
278 3119 378 3185 Nulla
399 3121 434 3185 in
463 3121 514 3187 bie
542 3130 606 3201 est,
637 3145 735 3208 quam
757 3123 891 3210 probare
918 3125 1022 3209 possis
1051 3123 1195 3188 extitisse
1217 3128 1289 3188 ante
1312 3143 1430 3186 annum
1452 3142 1483 3184 u.
1501 3141 1527 3184 c.

169 3225 252 3301 760,
282 3243 347 3308 quo
367 3231 561 3290 memoratur
581 3246 648 3290 una
669 3245 778 3291 earum
800 3227 954 3292 vicesima
980 3228 1015 3291 in
1038 3225 1201 3292 Pannonia
1223 3225 1382 3311 stipendia
1403 3245 1529 3290 merens

89 3324 91 3328 ⁴
168 3330 214 3413 (V
215 3328 268 3396 ell.
281 3328 312 3407 2,
329 3331 419 3415 112).
456 3331 543 3396 Inter
564 3330 714 3414 legiones,
739 3342 874 3416 quarum
889 3339 1053 3396 veteranos
1076 3333 1109 3395 in
1133 3330 1270 3395 colonias
1294 3327 1444 3393 deductos
1461 3349 1529 3392 esse

171 3432 214 3496 ab
244 3432 389 3516 Augusto
418 3441 543 3499 constat
569 3455 609 3499 ex
631 3435 771 3500 nummis
801 3436 852 3519 (v.
876 3435 990 3500 harum
1014 3433 1182 3499 elenchum
1203 3455 1234 3520 p.
1252 3434 1333 3517 48),
1364 3433 1454 3497 nulla
1482 3439 1531 3496 est

167 3555 255 3620 quae
274 3557 445 3602 numerum
462 3559 511 3606 xn
533 3544 676 3624 superem
703 3537 788 3622 quod
810 3539 966 3622 quomodo
989 3529 1057 3602 b‘eri
1072 3539 1218 3623 potuerit,
1242 3557 1305 3602 non
1325 3535 1528 3618 intellegitur,

166 3639 295 3705 sirete
318 3644 482 3724 Augustus
505 3642 702 3726 permultos
725 3662 826 3706 annos
848 3641 962 3706 habuit
990 3642 1130 3726 legiones
1160 3632 1395 3708 adnumerum
1419 3639 1530 3702 vicesi-

167 3744 316 3821 marium,
339 3744 434 3809 facile
457 3752 561 3810 autem
587 3745 773 3830 explicatur,
797 3746 827 3810 si
850 3753 990 3812 extremo
1014 3746 1143 3811 demum
1164 3753 1303 3830 tempore
1330 3763 1438 3825 eoque,
1467 3762 1530 3825 quo

169 3849 225 3914 vix
252 3848 393 3914 colonias
422 3843 506 3914 ullas
537 3849 684 3927 deduxit,
716 3850 856 3934 legiones
885 3872 904 3914 a
930 3851 1026 3916 tertia
1053 3851 1175 3916 decima
1201 3849 1240 3912 ad
1267 3847 1451 3911 vicesimam
1477 3845 1530 3910 ad-

168 3953 274 4017 scivit.
308 3952 464 4036 *Denique
486 3953 625 4036 legiones
649 3954 792 4038 geminae
814 3955 939 4019 numeri
961 3955 1104 4020 eiusdem
1126 3975 1198 4020 cum
1219 3972 1280 4016 non
1302 3971 1421 4036 paucae
1443 3971 1530 4036 repe-

170 4057 293 4121 riantur
315 4056 399 4120 intsr
418 4057 585 4122 duodecim
601 4058 732 4144 priores,
754 4059 836 4122 tales
851 4059 959 4123 nullae
975 4065 1050 4123 sunt
1062 4059 1144 4122 inter
1160 4063 1227 4121 octo
1244 4053 1447 4142 posteriorem
1471 4053 1529 4118 illa

170 4166 279 4224 autem
300 4159 470 4242 geminatio
482 4161 567 4225 'enm
587 4162 761 4246 repetenda
781 4161 926 4236 videatur
949 4161 990 4226 ab
1013 4160 1233 4246 adsumptione
1256 4160 1416 4243 legionum
1431 4159 1529 4222 Anto-

171 4264 339 4328 nianarum
355 4264 649 4348 Lepidianarumve,
673 4272 706 4330 et
726 4265 798 4350 ipsa
819 4265 984 4328 referenda
1007 4270 1055 4328 est
1077 4264 1158 4328 inter
1172 4262 1291 4329 indicia
1306 4263 1435 4346 originis
1451 4262 1530 4326 anti-

170 4367 301 4450 quioris.
354 4368 440 4444 Quae
462 4367 581 4432 indicia
603 4389 677 4432 oum
699 4369 777 4432 satis
798 4367 936 4453 prodant
963 4367 1075 4430 harum
1105 4375 1172 4432 octo
1196 4369 1355 4451 legionum
1378 4365 1530 4448 originem

171 4471 331 4537 diuersam
352 4477 385 4535 et
406 4471 627 4556 posteriorem,
654 4471 695 4535 ad
724 4493 794 4535 eam
821 4472 925 4556 ipsam
948 4471 1166 4556 reperiendam
1197 4473 1317 4536 ducunt
1338 4470 1528 4556 provinciae,

173 4575 205 4639 in
227 4576 347 4660 quibus
369 4581 439 4639 octo
461 4575 520 4638 bae
543 4575 682 4658 legiones
705 4575 1083 4660 primum-inveniuntur.
1135 4573 1312 4668 Nemeum
1336 4574 1529 4658 antiquiores

174 4679 205 4742 in
233 4678 387 4744 laterculo
423 4683 519 4764 snpra
551 4681 711 4765 proposito
741 4677 917 4764 appareant
948 4701 1005 4764 per
1032 4680 1216 4744 universum
1245 4679 1413 4765 imperium
1442 4677 1529 4741 nullo

174 4785 299 4849 omnino
334 4784 445 4848 ordine
473 4785 652 4868 dispersae,
687 4807 725 4849 er
751 4786 801 4849 his
829 4792 895 4849 tres
918 4803 980 4852 xrrr
999 4785 1058 4852 xlv
1075 4777 1134 4852 xur
1164 4791 1266 4849 eastra
1294 4790 1467 4868 posuerunt
1495 4781 1529 4842 in
