3734 5517
334 388 427 439 XXVI

334 560 473 626 matione
496 582 535 625 ex
555 561 626 645 ipso
649 561 817 646 archetypo
840 562 1038 626 sublatarum
1060 562 1194 627 lectione
1215 563 1395 641 curiosiore,
1420 565 1505 647 qqod
1524 587 1624 649 genus
1644 589 1690 632 er·

334 686 441 729 rorum
468 664 616 748 equidem
638 685 749 730 censeo
777 666 887 750 paucis
911 666 1052 749 exceptis
1079 666 1270 747 tradendum
1297 688 1366 731 esse
1392 669 1507 735 tacitae
1536 670 1690 738 oblivioni

334 769 559 853 perpetuisque
586 770 736 834 tenebris.
788 772 832 835 At
859 771 967 853 negari
994 791 1058 835 non
1086 776 1190 855 potest
1212 772 1369 855 quaedam
1395 772 1478 837 inter
1499 773 1609 858 paleas
1631 775 1689 841 has
1785 807 1786 820 κ

334 872 465 956 reperiri
493 873 593 955 frugis
622 875 736 952 bonae,
767 874 905 961 manime
935 875 970 938 in
991 874 1069 939 locis
1097 874 1191 940 hodie
1220 876 1412 953 imminutis,
1439 881 1477 940 ut
1499 878 1529 954 5,
1546 880 1687 959 34-48,

335 996 430 1059 quem
452 978 556 1042 locum
580 979 708 1063 explent
731 980 849 1043 Cosson
873 986 904 1043 et
926 980 1038 1057 Lucas,
1069 985 1101 1044 et
1124 981 1271 1056 6‚1-6,
1303 1001 1398 1063 quem
1419 980 1595 1065 pleniorem
1617 983 1689 1049 reli-

335 1081 406 1162 quis
430 1080 526 1145 habet
547 1082 914 1167 Chishullius(p.xv11),
939 1082 1018 1148 alibi
1040 1102 1165 1166 quoque
1187 1082 1239 1146 hic
1261 1083 1330 1148 illic
1351 1084 1527 1150 litterulam
1548 1087 1689 1171 reperiri,

333 1184 471 1249 maxime
494 1185 579 1270 apud
601 1186 729 1263 Lucam,
759 1207 840 1270 quae
870 1208 909 1250 ex
930 1187 1001 1272 ipso
1024 1186 1130 1271 lapids
1152 1186 1260 1251 veniat
1287 1193 1320 1251 et
1341 1188 1427 1273 apud
1448 1189 1614 1254 Perrotum
1635 1195 1691 1254 aut

333 1309 396 1352 non
420 1290 463 1354 sit
485 1296 540 1353 aut
562 1290 653 1354 aliter
675 1298 937 1374 repraesentetur.
972 1291 1139 1355 Praeterea
1161 1290 1246 1374 quod
1268 1290 1395 1355 defendi
1408 1297 1514 1377 potest
1527 1293 1563 1357 in
1577 1314 1689 1359 monu-

333 1399 438 1457 mento
453 1398 560 1457 tantae
580 1393 776 1457 auctoritatis
798 1399 969 1477 tantaeque
991 1394 1167 1459 nobilitatis
1188 1415 1252 1460 non
1268 1394 1440 1460 verendum
1455 1402 1506 1461 est
1526 1417 1566 1461 ne
1588 1404 1688 1463 trans·

333 1498 451 1561 feratur
474 1497 514 1561 ad
536 1497 645 1562 titulos
668 1497 820 1581 plebeios'
834 1518 891 1561 uec
913 1498 978 1561 nisi
997 1517 1165 1562 numerum
1187 1498 1348 1562 facientes.
1388 1499 1469 1577 Quid
1487 1500 1571 1583 quod
1586 1508 1689 1586 potest
1786 1505 1787 1508 ’

333 1600 504 1683 aliquando
528 1600 646 1682 quaeri,
670 1601 703 1665 in
726 1600 785 1665 hoc
807 1610 1010 1666 monumento
1034 1602 1111 1685 quid
1132 1602 1235 1685 legere
1249 1603 1411 1686 potuerint
1427 1603 1554 1689 Lipsius
1570 1611 1602 1671 et
1616 1606 1688 1671 Nie

333 1704 476 1768 buhrius.
508 1706 610 1781 Quam
632 1704 671 1768 ob
695 1724 760 1769 rem
784 1704 957 1790 scripturae
981 1706 1166 1771 varietatem
1187 1706 1344 1789 integram
1366 1706 1484 1785 addidi,
1508 1708 1566 1773 sed
1586 1716 1624 1774 ut
1645 1712 1688 1775 fa

333 1807 426 1871 cilius
450 1807 696 1890 distingueretur
717 1808 811 1873 lectio
834 1810 1026 1887 Perrotiana,
1051 1830 1268 1894 quaecumque
1288 1810 1322 1873 in
1344 1815 1435 1874 textu
1456 1812 1549 1896 posui
1563 1813 1599 1877 in
1614 1814 1689 1878 Per-

331 1912 452 1975 rotiano
482 1912 625 1995 exemplo
655 1918 710 1977 aut
738 1913 856 1977 omissa
878 1919 934 1979 aut
962 1912 1054 1977 aliter
1081 1913 1129 1977 ibi
1156 1914 1274 1999 scripta
1296 1913 1429 1979 distinxi
1451 1914 1565 1980 litteris
1589 1918 1688 1982 mino-

332 2016 430 2081 ribus.
467 2016 632 2081 Praeterea
653 2017 835 2083 tabularum
857 2018 1112 2083 Perrotianarum
1127 2018 1272 2099 duarum,
1296 2038 1376 2101 quae
1391 2026 1571 2103 proponunt
1585 2040 1689 2087 exem-

333 2120 422 2205 plum
444 2121 600 2197 Latinum,
625 2123 843 2207 repetitionem
866 2122 1129 2208 lithographicam
1151 2122 1262 2188 libello
1285 2122 1403 2187 addidi.

420 2274 462 2338 Il.
510 2274 660 2339 Graecam
684 2275 976 2359 interpretationem
998 2281 1064 2339 tam
1087 2276 1286 2359 Ancyrauam
1311 2295 1408 2357 quam
1430 2275 1690 2359 Apolloniensem

332 2377 378 2440 ita
406 2379 554 2461 apposui,
585 2386 621 2441 ut
651 2379 777 2461 singula
806 2385 962 2462 quatenus
990 2378 1058 2443 fieri
1088 2385 1192 2464 potest
1218 2378 1339 2443 Latinis
1363 2378 1429 2443 suis
1451 2378 1689 2464 responderent.

332 2480 473 2545 Eandem
500 2502 569 2545 esse
596 2482 888 2567 interpretationem
918 2482 983 2555 iam
1010 2489 1111 2567 patet3
1141 2480 1218 2565 quid
1247 2480 1331 2570 quod
1353 2482 1387 2545 in
1411 2482 1513 2569 capite
1528 2504 1588 2551 xxl
1611 2485 1689 2550 inci·
1787 2477 1788 2482 ἵ

331 2585 437 2669 pionte
460 2586 649 2650 vocabulum
671 2588 740 2651 ναὸν
765 2586 917 2651 omissum
942 2592 991 2651 est
1012 2586 1047 2651 in
1069 2592 1203 2669 utroque
1230 2587 1374 2671 exemplo
1397 2592 1442 2669 (v.
1465 2609 1497 2672 p.
1511 2588 1586 2673 60),
1616 2610 1690 2654 cum
1787 2643 1788 2650 ,

331 2695 493 2774 praeterea
515 2711 588 2774 pars
606 2690 724 2755 Graeca
745 2712 809 2756 uon
826 2691 933 2756 minus
949 2696 1077 2775 propter
1092 2690 1344 2755 emendationem
1357 2690 1519 2756 laudanda
1534 2691 1576 2755 sit
1592 2713 1690 2776 quam

331 2794 453 2857 Latina.
505 2794 601 2857 Varia
629 2795 721 2860 lectio
744 2796 778 2859 in
802 2796 929 2860 Graecis
952 2796 1017 2859 fere
1040 2793 1129 2858 nulla
1151 2801 1214 2871 est,
1245 2815 1317 2859 cum
1344 2795 1436 2877 longe
1459 2795 1611 2881 pleraque
1634 2796 1689 2861 ha·

332 2897 463 2961 beamus
494 2920 512 2963 a
539 2905 620 2963 teste
649 2899 803 2982 singulari
833 2907 887 2964 aut
909 2899 1091 2964 Hamiltono
1120 2904 1176 2961 aut
1198 2897 1341 2977 Perrot03
1373 2898 1430 2963 sed
1459 2915 1532 2964 cum
1554 2905 1690 2985 uterque

332 3022 404 3067 cum
433 3002 494 3065 fide
525 3010 556 3067 et
583 3003 748 3087 diligentia
777 3004 878 3068 officio
905 3005 1034 3068 functus
1057 3004 1114 3080 sit,
1145 3002 1184 3066 de
1212 3002 1347 3066 lectione
1370 3003 1471 3069 nihilo
1493 3004 1601 3069 minus
1624 3006 1690 3071 fere

331 3117 463 3175 constat.
510 3110 650 3175 Tabulas
674 3108 873 3173 Perrotianas
896 3108 930 3171 in
954 3108 1080 3173 Graecis
1104 3107 1182 3171 satis
1206 3106 1311 3172 visum
1334 3113 1383 3171 est
1404 3114 1546 3193 repetere
1568 3110 1666 3196 typis.
1737 3191 1746 3197 ἱ

419 3270 475 3333 llI.
522 3269 706 3353 Sequuntur
734 3269 880 3355 exempla
902 3267 1050 3333 Latinum
1073 3275 1105 3333 et
1127 3268 1281 3332 Graecum
1312 3273 1467 3351 quantum
1494 3268 1564 3331 fieri
1586 3271 1691 3354 potuit
1788 3295 1789 3318 1

332 3373 494 3458 suppleta,
526 3373 648 3438 adiecta
675 3373 820 3438 lectionis
849 3374 1001 3437 varietate
1030 3372 1162 3449 selecta,
1191 3372 1329 3437 maxime
1358 3371 1508 3437 indicatis
1534 3373 1615 3437 locis
1636 3374 1688 3452 iis,

330 3477 386 3542 ubi
410 3476 527 3540 tradita
549 3476 643 3540 lectio
665 3479 834 3542 immutata
857 3485 905 3543 est
928 3477 1117 3543 coniectura.
1158 3475 1387 3560 Supplementa
1402 3494 1484 3558 quae
1499 3475 1621 3560 priores
1637 3499 1689 3542 ex-

331 3580 547 3663 cogitaverunt
577 3598 720 3663 quaeque
744 3582 922 3646 coniectura
945 3586 1166 3665 reposuerunt,
1196 3598 1305 3643 eorum
1327 3577 1412 3644 haud
1435 3588 1538 3664 pauca
1559 3580 1625 3645 iam
1649 3583 1688 3647 ab

332 3684 557 3749 oculatioribus
581 3684 829 3769 descriptoribus
844 3686 878 3748 in
892 3686 963 3769 ipso
978 3682 1084 3768 lapide
1100 3682 1296 3768 deprehensa
1311 3687 1394 3760 sunt,
1417 3683 1510 3766 longe
1525 3685 1619 3769 plura
1634 3692 1690 3751 aut

330 3788 441 3853 Latino
465 3788 609 3873 exemplo
633 3789 756 3872 expleto
781 3795 811 3851 et
834 3788 1001 3853 emendato
1024 3794 1079 3851 aut
1101 3787 1269 3852 accedente
1291 3786 1548 3871 interpretatione
1570 3788 1690 3853 Graeca

330 3898 441 3975 sponte
457 3892 673 3971 conciderunt;
691 3891 828 3974 denique
845 3912 882 3955 ea
896 3911 1022 3974 quoque
1038 3912 1077 3954 ex
1092 3891 1168 3955 olim
1182 3890 1325 3976 repertis,
1344 3910 1425 3973 quae
1441 3891 1481 3954 ad
1497 3894 1688 3959 sententiam

330 4017 405 4059 vera
420 4005 526 4059 essent
541 3998 591 4060 vel
607 4002 690 4061 certe
715 3997 903 4082 probabilia,
926 4017 983 4081 per
1005 3997 1188 4061 universum
1209 3995 1470 4061 commentarium
1488 3997 1689 4061 reuaotanda

330 4109 420 4164 erant
435 4106 562 4185 propter
577 4100 721 4165 hiatuum
737 4100 893 4166 ambitum
908 4120 993 4164 nunc
1009 4099 1135 4164 demum
1151 4105 1295 4164 accurate
1310 4100 1518 4184 eirploratum.
1541 4100 1590 4165 Ex
1601 4100 1688 4166 hisce

329 4206 468 4289 priorum
486 4205 536 4268 vel
558 4204 696 4269 inventis
720 4205 770 4268 vel
795 4205 981 4269 commentis
1004 4224 1042 4267 ea
1064 4223 1145 4286 quae
1168 4203 1233 4267 iam
1254 4203 1384 4269 inutilia
1410 4204 1513 4267 forent
1532 4210 1565 4267 et
1579 4223 1688 4288 super-

331 4330 475 4386 vacanea,
499 4310 576 4383 item
600 4315 654 4372 aut
676 4309 766 4375 novis
783 4310 936 4374 subsidiis
951 4329 1061 4373 eversa
1076 4306 1242 4373 autetiam
1258 4329 1316 4372 sua
1330 4315 1444 4373 natura
1457 4328 1609 4392 perversa
1622 4308 1688 4394 ple-

328 4434 462 4495 rumque
479 4414 604 4477 silentio
627 4415 727 4497 magis
750 4414 897 4498 praeterii
913 4431 1009 4496 quam
1023 4412 1169 4489 refutavi,
1193 4432 1266 4477 cum
1279 4412 1465 4496 praesertim
1481 4411 1568 4475 iusta
1580 4432 1689 4495 pugna

328 4536 391 4578 non
408 4517 450 4579 sit
464 4517 547 4581 iuter
569 4518 689 4603 priores
713 4518 847 4583 editores
871 4517 1048 4582 necessario
1071 4516 1255 4581 insistentes
1271 4516 1426 4600 exemplis
1442 4514 1614 4581 admodum
1629 4515 1687 4581 im·

329 4620 475 4703 perfectis
499 4628 530 4685 et
546 4643 619 4689 eum
635 4623 691 4706 qui
711 4621 804 4687 bodie
820 4622 861 4686 ad
875 4622 1111 4704 hascetabulas
1127 4620 1248 4685 mcedit
1262 4621 1436 4685 instructus
1451 4620 1597 4703 exemplo
1613 4621 1687 4685 Per·

328 4724 450 4789 rotiano
475 4732 506 4790 et
528 4726 786 4811 interpretatione
809 4728 873 4791 fere
896 4729 1028 4810 integra.
1074 4726 1140 4792 Ubi
1165 4732 1271 4791 tamen
1294 4726 1329 4789 in
1351 4725 1429 4791 loeis
1452 4724 1687 4789 difficilioribus
1714 4737 1719 4751 ·

329 4850 367 4893 ex
390 4828 549 4913 prioribus
573 4831 731 4915 quendam
756 4852 864 4897 verum
885 4832 938 4896 vel
958 4831 1077 4897 vidisse
1099 4830 1151 4895 vel
1174 4830 1376 4896 intervidisse
1398 4827 1686 4914 deprehendebam,
