3734 5517
777 375 924 441 1v‚1oco
1485 379 1528 444 59

164 546 288 610 Annus
311 547 471 612 indicetur
494 549 568 613 727.
619 548 737 614 Eodem
759 549 897 634 pertinet
918 549 1033 614 titulus
1057 570 1148 616 arcus
1171 551 1384 618 Ariminensis
1407 554 1453 618 sic
1476 573 1528 617 ex·

164 648 310 734 plendus
322 650 377 735 ¹''):

527 765 687 818 SENATVS
743 789 751 806 ·
806 766 1021 832 POPVLVSQae
1058 787 1170 819 romanus

226 858 277 922 imp
360 879 369 897 ·
453 861 550 910 caesari
636 860 690 911 diui
778 861 824 911 iuli
905 862 931 927 s.
1023 873 1126 928 cupusto
1215 865 1263 928 imp
1347 886 1355 904 ·
1438 875 1491 930 sept

228 948 294 1002 GOS
326 972 334 990 ·
366 952 453 1004 SEPT
486 974 494 992 ·
526 952 704 1006 DESIGNAT
730 975 740 993 ·
765 952 933 1006 OCTAVOM
958 977 968 995 ·
990 953 1042 1006 Via
1125 955 1254 1020 flamiuIA
1267 959 1298 1007 ab
1312 975 1338 1008 eo
1351 960 1442 1009 munita
1455 961 1490 1008 e’l'

228 1042 508 1100 CELEBERRIMEIS
522 1069 531 1088 ·
544 1045 688 1100 ITALIAE
702 1069 710 1088 ·
724 1046 818 1100 Vlltls
832 1068 840 1086 ·
855 1046 1018 1100 CONSILIO
1042 1051 1094 1100 eius
1108 1051 1197 1116 populi
1214 1050 1314 1104 vsibvs
1335 1051 1489 1104 recellulis
1502 1049 1529 1110 *)

167 1159 252 1221 item
276 1158 445 1225 Suetonius
467 1162 549 1243 Aug.
565 1163 623 1226 30:
652 1164 817 1244 desumpta
838 1165 903 1226 sibi
925 1165 1085 1228 Flaminia
1107 1167 1162 1228 otc
1185 1167 1330 1231 Arimino
1354 1176 1443 1230 tenue
1467 1188 1531 1229 mcc

167 1264 292 1326 sienem
321 1267 462 1346 reliquas
486 1269 728 1348 triumphalibus
750 1269 831 1330 ciris
861 1269 1074 1332 cmcurcbicli
1093 1270 1230 1348 pecunia
1253 1272 1440 1334 sternendas
1465 1273 1530 1333 dis-

169 1369 304 1449 tribuit,
333 1368 469 1452 denique
493 1369 552 1433 Dio
568 1371 621 1448 53,
639 1371 681 1434 22
710 1376 880 1454 postquam
908 1371 1032 1436 notavit
1054 1371 1193 1454 reliquas
1217 1371 1285 1435 vias
1309 1378 1398 1436 extra
1419 1373 1532 1437 urbem

170 1470 258 1534 alias
279 1470 352 1536 aliis
375 1472 575 1537 senatoribus
597 1473 773 1538 attributas·
795 1492 864 1537 esse
894 1473 935 1537 ad
957 1472 1161 1538 reficiendum
1184 1491 1243 1538 sue
1264 1474 1399 1559 pecunia
1419 1481 1474 1560 τῆς
1497 1477 1531 1539 δὲ

168 1576 212 1657 δὴ
238 1575 415 1660 Φλαμινίας,
438 1575 552 1659 inquit,
578 1575 679 1656 obsis,
703 1579 865 1662 ἐπειδήπερ
889 1578 1115 1663 ἐπιστρατεύσειν
1140 1577 1179 1641 δι’
1197 1577 1290 1663 αὐτῆς
1304 1577 1440 1663 ἔμελλεν,
1465 1581 1531 1643 ἐπε-

170 1680 308 1764 μελήθη.
351 1681 404 1744 καὶ
424 1682 447 1764 ἡ
469 1681 528 1766 μὲν-
547 1679 639 1750 εὐθὺς
666 1680 735 1745 τότε
758 1680 878 1763 ἐγένετο
908 1683 961 1745 καὶ
984 1681 1032 1744 διὰ
1054 1686 1140 1746 τοῦτο
1164 1684 1216 1746 καὶ
1238 1681 1352 1752 εἰκόνες
1374 1683 1456 1769 αὐτῷ
1480 1683 1529 1769 ἐφ’

170 1784 290 1869 ἀψίδων
313 1781 345 1846 ἔν
368 1807 403 1850 τι
425 1790 463 1867 τῇ
485 1789 539 1847 τοῦ
553 1781 708 1871 Τιβέριδος
729 1784 847 1871 γεφύρᾳ
868 1786 920 1848 καὶ
944 1784 1124 1872 ἐνἈριμίνῳ
1141 1786 1336 1870 ἐποιήθησαν.
1352 1825 1394 1838 --
1413 1787 1533 1864 Quibus

171 1895 253 1972 puto
275 1887 499 1972 supplementa
518 1908 591 1952 mea
617 1889 697 1952 satis
727 1888 864 1952 delendi.
917 1888 1046 1953 Scilicet
1067 1895 1104 1954 ut
1125 1911 1166 1953 ec
1186 1892 1335 1954 mcibiis
1357 1890 1533 1955 scribamus

173 1991 313 2056 suadent
335 1997 368 2054 et
389 1990 523 2074 vestigia
545 1990 579 2055 in
602 1991 707 2076 lapide
730 1991 855 2056 servata
877 1998 1087 2074 (quamquam
1111 1993 1250 2077 spatium
1272 1995 1354 2059 inter
1375 2012 1534 2060 selmum

173 2103 208 2159 et
228 2116 303 2163 unu
326 2094 435 2180 paullo
464 2096 629 2177 angustius
658 2103 707 2159 est
735 2115 832 2178 quam
855 2094 939 2178 quod
963 2093 1032 2160 'tres
1062 2095 1184 2159 litteras
1208 2095 1370 2160 commode
1392 2097 1533 2181 recipiat,

172 2222 192 2263 c
216 2206 324 2264 autem
345 2218 402 2283 pro
425 2220 466 2262 cc
487 2198 707 2263 consuetudini
729 2199 866 2282 Augusti
888 2207 1057 2283 repugnat)
1085 2207 1116 2263 et
1139 2198 1222 2282 quod
1245 2198 1386 2282 reliquas
1409 2219 1535 2282 quoque

172 2304 247 2368 vias
277 2323 317 2366 ex
352 2301 528 2366 manubiali
561 2302 696 2387 pecunia
730 2303 830 2367 sterni
864 2303 960 2368 iussit
989 2304 1168 2384 Augustus,
1212 2301 1348 2386 denique
1383 2302 1535 2386 temporis

171 2406 272 2485 rctio;
300 2426 378 2470 nam
398 2405 597 2490 triumphum
618 2406 785 2471 Actiacum
807 2408 972 2488 Augustus
1001 2412 1107 2488 egerat
1131 2413 1203 2470 ante
1227 2405 1399 2470 biennium.
1452 2404 1535 2468 Hinc

173 2516 285 2575 autem
300 2508 435 2594 explico,
452 2530 508 2573 cur
522 2531 579 2594 per
594 2530 622 2573 a.
631 2511 802 2575 726-728
817 2515 864 2574 tot
878 2509 1032 2594 triumphi
1044 2509 1186 2576 concessi
1197 2509 1271 2586 sint,
1289 2515 1365 2592 quot
1375 2513 1538 2593 praeterea

171 2615 267 2680 nullo
289 2621 430 2699 ternpore
452 2615 516 2680 acti
536 2615 753 2680 inveniuntur.
791 2615 897 2680 Verba
918 2617 1063 2681 Arimino
1087 2625 1177 2680 tenus
1202 2635 1241 2678 ex
1263 2612 1412 2678 Suetonio
1436 2611 1536 2676 adsci-

172 2720 284 2785 vimus
306 2717 342 2782 in
363 2718 433 2803 ipso
453 2718 560 2804 lapide
577 2718 655 2782 satis
669 2717 820 2782 indicata.
857 2717 905 2782 De
920 2718 1082 2802 pontibus,
1107 2738 1186 2801 quos
1201 2715 1379 2781 restituisse
1395 2736 1429 2779 se
1444 2720 1538 2798 negat

171 2823 363 2903 Augustus,
392 2821 578 2886 notissimus
609 2827 657 2885 est
679 2820 818 2885 Mulvius
847 2821 951 2885 factus
982 2842 1000 2884 a
1022 2822 1064 2886 M.
1083 2821 1200 2886 Scauro
1225 2840 1352 2884 censore
1374 2841 1405 2885 ιι.
1423 2841 1448 2884 c.
1473 2820 1536 2882 645

173 2925 304 3010 (Victor
318 2946 348 2989 v.
364 2925 411 2989 ill.
429 2925 486 3005 72;
510 2925 617 2989 Amm.
633 2923 729 2988 Marc.
744 2925 796 3002 27,
811 2925 841 3001 3,
860 2926 905 3008 9),
930 2945 1045 2990 nomen
1067 2931 1175 2989 tamen
1198 2930 1309 2989 nactus
1332 2923 1372 2987 ab
1397 2927 1538 2985 curatore

174 3029 288 3112 aliquo
317 3027 495 3112 antiquiore
518 3027 558 3092 ad
587 3028 768 3113 exemplum
787 3025 927 3106 Fabricii
956 3029 1008 3106 (ci.
1039 3030 1203 3092 Muluiana
1228 3030 1447 3093 controversia
1474 3025 1537 3089 Cic.

175 3131 218 3196 ad
234 3133 303 3196 Att.
321 3131 351 3207 2,
367 3131 417 3210 15,
430 3130 476 3214 4).
515 3129 596 3194 Eum
610 3130 718 3214 ipsum
738 3136 975 3217 repraesentare
997 3131 1101 3196 solent
1116 3131 1239 3210 nummi
1255 3131 1322 3196 uias
1339 3131 1378 3194 ab
1394 3131 1538 3211 Augusto

174 3236 321 3302 munitas
343 3234 571 3320 praedicantes,
595 3233 717 3298 scilicet
738 3240 866 3319 proptor
889 3256 998 3299 arcum
1020 3255 1151 3300 areusve
1174 3242 1243 3299 tum
1259 3234 1458 3298 inhonorem
1474 3233 1538 3296 Au-

172 3339 266 3423 ‘gusti
288 3340 389 3404 factos
410 3338 446 3402 in
468 3344 563 3424 ponte
587 3357 623 3402 eo
647 3341 695 3417 (v.
718 3338 871 3420 Borghesi
894 3358 966 3423 opp.
991 3340 1020 3416 2,
1038 3339 1134 3419 366).
1179 3339 1207 3402 A
1250 3358 1351 3404 novus
1374 3335 1466 3402 nobis
1491 3358 1539 3400 ac-

178 3443 259 3507 cidit
279 3462 360 3527 pons
375 3442 534 3507 Minucius
556 3461 659 3524 neque
681 3441 739 3505 nbi
759 3440 856 3507 fuerit
877 3441 953 3505 sciri
974 3446 1090 3526 potest3
1116 3440 1323 3526 probabiliter
1344 3446 1541 3506 tamencum

177 3547 354 3610 referemus
378 3545 417 3610 ad
433 3545 607 3611 Thermum
627 3544 730 3621 illum,
755 3544 794 3608 de
818 3563 879 3627 quo
903 3543 1086 3609 consulatus
1108 3545 1144 3608 in
1164 3565 1192 3608 a.
1206 3546 1271 3609 690
1285 3545 1417 3629 petitore
1433 3545 1540 3609 Cicero

177 3650 294 3716 scribit
316 3649 374 3734 (ad
387 3650 453 3715 Att
471 3653 499 3727 l,
519 3653 547 3726 1,
564 3650 600 3733 2)
622 3649 673 3713 his
696 3648 817 3715 verbis:
841 3669 929 3713 mmo
953 3658 1002 3712 est
1024 3670 1064 3712 cc
1086 3651 1141 3729 iis,
1164 3652 1219 3730 pai
1241 3669 1323 3712 canc
1339 3658 1461 3730 petant,
1484 3653 1540 3731 pai

179 3759 211 3819 si
235 3758 271 3818 ia
291 3763 435 3818 nostrum
456 3775 569 3818 ccccm
590 3756 740 3818 redderit
758 3755 880 3836 firmior
896 3754 1086 3817 candidatus
1102 3755 1174 3833 fore
1189 3755 1346 3828 uideatur,
1366 3747 1540 3834 propterca

180 3860 269 3941 quod
280 3868 413 3922 curator
427 3865 476 3923 cst
491 3860 562 3922 cicc
570 3859 758 3939 Flaminiae,
774 3877 854 3938 quac
870 3878 938 3921 cum
952 3859 1015 3920 erit
1030 3857 1190 3936 absoluta,
1205 3876 1283 3920 sane
1297 3857 1394 3936 facilc
1406 3877 1473 3920 cum
1482 3903 1489 3918 .

180 3962 323 4047 (reliqua
346 3966 514 4047 corrupta).
556 3960 617 4024 Via
638 3968 746 4026 eutem
767 3960 908 4025 Minucia
931 3959 1010 4044 (cic.
1027 3959 1067 4024 ed
1083 3960 1148 4023 Att.
1161 3961 1193 4035 9,
1206 3959 1235 4033 6,
1252 3960 1286 4037 1;
1313 3957 1421 4023 Horat.
1442 3979 1491 4043 ep.
1511 3962 1539 4035 1,

183 4070 233 4145 18,
251 4067 310 4146 20)
334 4066 397 4131 hnc
417 4065 506 4130 nullo
528 4065 621 4130 modo
644 4063 789 4149 pertinet.

240 4332 270 4399 *)
291 4333 480 4401 Supplementa
498 4337 560 4384 sunt
571 4331 710 4399 Borghesii
722 4329 794 4400 (opp.
808 4332 824 4383 2
842 4347 868 4399 p.
879 4330 931 4383 386
942 4327 1000 4397 sq.),
1019 4329 1071 4382 nisi
1084 4330 1153 4398 quod
1166 4333 1282 4383 extremo
1295 4341 1371 4383 versu
1384 4330 1407 4380 is
1421 4330 1540 4396 scripsit:

182 4421 283 4472 coratio
309 4419 346 4483 [et
363 4439 437 4486 opera
455 4417 521 4482 σῇσι
540 4416 666 4481 [munitam
685 4416 824 4481 uadJiteie,
847 4433 899 4469 non
917 4419 1003 4479 recte,
1028 4432 1086 4468 narn
1106 4417 1164 4470 viae
1183 4417 1242 4470 aliis
1260 4415 1415 4469 reficiendae
1433 4415 1543 4467 traditae

184 4512 245 4560 sunt
263 4508 297 4559 ab
309 4504 439 4574 Augusto,
458 4517 510 4557 nen
528 4503 640 4556 traditae
658 4503 769 4555 coneilio
788 4504 854 4556 eius.
890 4501 1047 4555 Monendum
1067 4506 1152 4556 autem
1171 4508 1212 4557 est
1230 4503 1257 4556 in
1270 4506 1385 4556 extremo
1398 4501 1543 4569 fragmento

183 4594 266 4647 fcisse
285 4596 331 4646 aut
348 4590 442 4645 ITEIS
461 4595 507 4645 aut
524 4589 617 4645 ululo
638 4589 811 4659 praecedente
829 4589 917 4643 littera
934 4605 988 4643 non
1006 4595 1118 4644 exeunte
1136 4593 1163 4644 in
1181 4591 1276 4644 lineam
1293 4593 1478 4652 transversam,
1497 4588 1543 4642 eod

183 4681 210 4732 in
229 4679 324 4734 encub
341 4682 449 4746 partem.
864 4684 869 4692 ‘
