3734 5517
292 302 328 354 Vl

292 477 454 541 Caesareis
480 479 514 543 in
539 479 724 544 universum
751 478 906 543 videndus
935 485 985 541 est
1011 478 1165 543 liariuins
1194 480 1292 562 (Aru.
1308 502 1340 564 p.
1353 481 1418 545 383
1430 488 1506 564 sq.).
1563 480 1646 545 Nam

182 566 188 595 ¹
293 588 463 664 postquam
486 604 513 645 a.
527 584 592 647 725
607 585 771 666 Augustus
792 582 929 647 indulsit
943 581 1082 660 Asianis,
1105 590 1143 647 ut
1164 583 1229 647 sibi
1251 592 1284 648 et
1304 584 1378 648 urbi
1393 586 1510 649 Romae
1533 585 1645 649 aedem

292 683 474 748 dedicarent
497 686 654 768 Pergami,
682 694 715 751 et
740 686 902 769 Bithynis,
932 693 971 750 ut
992 686 1194 751 Nicomediae
1215 688 1298 771 (Dio
1310 689 1434 767 51,20;
1457 688 1558 753 Tacit.
1571 710 1645 753 auu.

293 790 324 863 4,
337 788 405 870 37),
426 788 541 854 deinde
556 790 782 855 consuetudine
796 789 1011 855 invalescente
1025 792 1152 874 Ancyra
1165 811 1291 875 quoque
1306 792 1449 856 Galatiae
1462 793 1646 877 metropolis

295 912 388 954 suum
417 893 480 958 sibi
509 894 584 958 lecit
605 894 784 981 Σεβαστεῖον
814 894 911 977 (nam
941 894 1000 958 hoc
1030 895 1099 979 ipso
1128 896 1254 960 nomine
1283 897 1462 981 appellatur
1489 897 1524 960 in
1552 897 1647 961 titulo

295 996 330 1059 C.
346 996 370 1058 Ι.
388 996 440 1059 Gr.
463 1018 494 1061 11.
502 999 605 1062 4039:
636 998 711 1061 ὅπου
734 998 768 1060 τὸ
792 996 967 1084 Σεβαστῆόν
990 998 1068 1061 ἐστιν
1095 1000 1147 1061 καὶ
1175 1001 1197 1081 ἡ
1217 1001 1380 1085 πανήγυρις
1407 1001 1535 1083 γείνεται
1556 1002 1607 1064 καὶ
1630 1003 1647 1064 ὁ

296 1099 540 1187 taceatur),
564 1101 598 1165 id
621 1110 670 1167 est
691 1101 801 1165 wdem
823 1100 891 1165 divi
913 1102 1051 1185 Augusti
1072 1110 1105 1166 et
1125 1103 1215 1167 urbis
1236 1104 1365 1181 Romae,
1387 1105 1471 1169 sicut
1491 1112 1648 1171 monstrat

295 1204 408 1270 titulus
431 1207 523 1271 modo
547 1207 662 1273 citatus
684 1207 717 1271 in
740 1212 815 1271 anta
837 1207 905 1271 eius
928 1207 1033 1271 adhrm
1053 1216 1200 1293 prostans
1222 1208 1463 1293 sicincipiens:

801 1364 943 1429 Γαλατῶν
964 1364 1017 1451 [r]d
1038 1364 1153 1451 [aurudo]

798 1467 1013 1554 [ἱε]ρασάμενον

799 1574 863 1659 θεῷ
885 1572 1031 1661 Σεβαστῷ

801 1678 853 1739 καὶ
874 1677 933 1761 θεᾷ
950 1674 1059 1761 Ῥώμῳ

299 1835 415 1919 quibus
439 1835 594 1901 subicitur
616 1836 763 1901 ludorum
784 1836 958 1901 laterculus
980 1836 1021 1901 ad
1044 1836 1155 1901 aedem
1177 1856 1248 1901 eam
1269 1836 1364 1901 certis
1377 1837 1566 1931 intervallis,
1589 1840 1651 1903 for-

297 1946 382 2005 tasse
406 1942 515 2024 quinto
539 1961 664 2025 quoque
687 1962 769 2007 anno
793 1941 958 2007 editorum.
993 1940 1115 2006 Aedem
1135 1940 1313 2005 dedicatam
1335 1962 1406 2005 esse
1427 1942 1567 2026 putarim
1588 1962 1652 2007 nou

298 2044 473 2130 imperante
489 2048 641 2128 Augusto,
665 2046 720 2111 sed
737 2053 954 2131 postmortem
971 2046 1040 2111 eius
1054 2045 1115 2110 sub
1131 2046 1268 2122 Tiberio,
1292 2054 1418 2131 prepter
1432 2047 1513 2111 duas
1527 2066 1651 2125 causas,

298 2150 438 2235 primum
460 2150 544 2233 quod
566 2150 601 2215 iu
622 2149 708 2215 ludis
731 2150 879 2215 secundis
901 2150 1048 2215 laterculi
1068 2149 1162 2215 modo
1182 2150 1348 2215 memorati
1368 2151 1487 2214 mentio
1500 2151 1538 2216 fit
1551 2152 1656 2217 Iuliae

297 2255 469 2337 Augustae,
493 2275 555 2338 quo
578 2254 704 2319 nomine
719 2254 811 2318 Livia
832 2254 988 2339 appellari
1009 2260 1121 2338 coepta
1141 2260 1191 2317 est
1205 2260 1425 2337 postmortem
1443 2253 1573 2319 demum
1586 2278 1654 2321 ma-

298 2356 362 2433 riti,
387 2357 501 2423 deinde
524 2358 609 2442 quod
631 2359 699 2423 eius
723 2358 811 2423 aedis
833 2357 970 2442 parietes
989 2357 1060 2442 ipso
1079 2357 1138 2421 hoc
1154 2356 1194 2421 de
1208 2376 1271 2441 quo
1287 2358 1411 2441 ammos
1427 2358 1533 2423 indice
1547 2381 1652 2424 rerum

299 2468 458 2544 gestarum
481 2463 548 2528 divi
570 2463 706 2546 Augusti
728 2463 775 2527 ita
795 2462 978 2547 implentur,
1001 2470 1038 2527 ut
1059 2483 1133 2527 eum
1154 2482 1218 2527 non
1238 2469 1306 2527 tam
1327 2463 1409 2525 facto
1432 2463 1520 2547 operi
1541 2471 1655 2548 postea

299 2564 488 2650 inscriptum
511 2584 580 2633 esse
603 2568 788 2645 credideris,
821 2589 918 2651 quam
940 2567 1050 2632 statim
1074 2566 1200 2652 inipso
1224 2588 1316 2652 opere
1337 2567 1481 2632 faciendo
1503 2567 1653 2636 incisum.

303 2706 342 2719 -
367 2668 489 2735 Similis
512 2672 639 2737 omuino
661 2673 722 2737 fuit
744 2672 837 2737 aedes
861 2673 971 2749 altera,
994 2692 1092 2755 quam
1113 2670 1171 2735 hoe
1194 2671 1299 2737 indice
1321 2671 1531 2756 conscriptam
1553 2672 1654 2737 luisse

301 2780 432 2852 constat,
456 2776 743 2861 Apolloniensium.
791 2776 874 2841 Nam
895 2776 1011 2859 legitur
1033 2776 1080 2841 ibi
1110 2796 1207 2861 supra
1228 2775 1367 2841 indicem
1388 2775 1503 2840 titulus
1527 2776 1585 2860 qui
1607 2798 1654 2841 se-

302 2878 409 2960 quitur
425 2880 474 2963 (C.
490 2882 515 2945 Ι.
532 2880 584 2945 Gr.
601 2881 742 2965 ιι.3971)
766 2900 830 2945 non
852 2880 893 2947 ad
913 2880 1055 2945 indicem
1076 2879 1143 2945 ullo
1165 2879 1256 2944 modo
1276 2878 1449 2964 pertinens,
1473 2879 1530 2944 sed
1550 2880 1656 2966 ipsius

301 2982 404 3047 aedis:

346 3162 613 3191 ..........
636 3131 687 3193 καὶ
703 3129 795 3198 ἰδίους
816 3129 906 3199 θεοὺς
920 3128 1092 3217 Σεβαστοὺς
1112 3130 1165 3191 καὶ
1179 3127 1248 3197 τοὺς
1262 3126 1387 3213 [π]αῖδας
1403 3128 1517 3215 addit}
1531 3174 1539 3190 .
1554 3175 1562 3191 .
1576 3174 1585 3191 .
1599 3174 1608 3191 .
1623 3176 1632 3191 .
1646 3175 1655 3191 .

346 3231 486 3317 [uoldee'p
502 3230 623 3319 Ῥώμῳ]
643 3232 711 3319 a[o]l
733 3230 861 3321 Τιβερίῳ
885 3232 1015 3320 Καίσαρι
1359 3233 1424 3319 θεῷ
1447 3230 1594 3321 Σεβαστῷ

303 3391 355 3455 Sic
383 3391 523 3457 restituit
543 3392 710 3472 Francius,
740 3394 802 3461 nisi
830 3394 915 3480 quod
945 3394 1048 3461 abieci
1073 3393 1283 3459 introeant
1313 3399 1386 3476 post
1408 3390 1538 3479 Καίσαρι
1559 3394 1658 3459 verba

302 3495 376 3561 θεοῦ
397 3495 552 3584 Σεβαστοῦ
577 3499 632 3585 υἱῷ
655 3506 686 3563 et
708 3498 862 3584 principio
882 3520 913 3563 ι.
927 3499 957 3577 2,
981 3499 1040 3566 ubi
1058 3498 1195 3563 traditur
1216 3518 1524 3569 aussorrraarmr,
1554 3499 1659 3563 Caroli

373 3800 399 3865 *l
424 3803 501 3871 Apud
520 3805 658 3875 losephum
684 3806 752 3868 (ant.
767 3805 808 3869 16,
821 3804 846 3869 6,
859 3805 892 3867 2)
915 3807 943 3857 iu
967 3806 1066 3859 decreti
1083 3806 1199 3875 Augusti
1222 3806 1323 3861 uerbis:
1348 3805 1374 3857 ἐν
1397 3805 1571 3877 ἐπισημοτάτῳ
1588 3806 1659 3876 τόπῳ

302 3884 429 3961 γενηθέντι
447 3909 488 3959 μοι
506 3890 553 3944 ὑπὸ
571 3895 615 3944 τοῦ
634 3896 717 3944 κοινοῦ
735 3896 780 3962 τῆς
789 3886 869 3949 Ἀσίας
881 3892 907 3944 ἐν
917 3889 1022 3965 Ἀργΰρῳ
1040 3897 1111 3946 recte
1130 3894 1230 3945 monuit
1246 3892 1495 3961 Ghishullosp.166
1514 3894 1659 3945 cavendum

303 3992 362 4030 esse
380 3979 412 4030 ab
431 3979 611 4031 emendatione
631 3979 801 4047 Scaligerana
822 3978 899 4031 hodie
923 3984 1030 4047 recepta
1054 3979 1080 4031 ἐν
1095 3976 1214 4051 Ἀγιώρῃ;
1240 3980 1431 4046 expectandum
1456 3983 1526 4032 certe
1544 3980 1572 4033 id
1590 3981 1660 4048 quod

303 4064 404 4118 Potitus
416 4067 555 4118 restituere
567 4080 647 4118 ausus
660 4072 701 4119 est
718 4066 744 4118 ἐν
756 4063 882 4135 Περγάμῳ
900 4066 976 4130 (Tac.
989 4082 1048 4118 ann.
1060 4067 1086 4130 4,
1099 4066 1133 4120 37
1147 4066 1201 4130 al).
1228 4066 1368 4119 Decretum
1380 4066 1510 4134 pertinere
1523 4065 1557 4118 ad
1570 4067 1659 4119 Asiam

303 4152 463 4218 provinciam
481 4166 513 4204 eo
531 4153 616 4221 magis
634 4156 751 4216 constat,
775 4154 845 4220 quod
866 4154 894 4206 in
912 4168 945 4205 eo
964 4154 1111 4205 nominatur
1129 4152 1159 4206 c.
1171 4154 1283 4205 Marcius
1298 4152 1457 4205 Censorinus
1475 4152 1516 4215 (v.
1536 4152 1565 4205 0.
1579 4153 1599 4205 l.
1614 4153 1659 4206 Gr.

305 4253 329 4289 ιι.
341 4236 430 4289 attae
449 4243 476 4290 et
492 4238 560 4291 inira
577 4256 602 4307 p.
616 4237 686 4301 123).
718 4238 839 4293 Ceterum
856 4241 961 4309 insigne
980 4240 1114 4294 decretum
1132 4241 1159 4293 in
1178 4238 1293 4308 Augusti
1310 4241 1435 4293 honorem
1453 4239 1551 4292 tactum
1570 4240 1662 4293 aLea-

305 4323 364 4387 biis,
384 4325 452 4391 quod
465 4326 597 4395 Mytilenis
616 4331 746 4395 repertum
759 4328 906 4395 nuperrime
919 4328 1002 4381 edidit
1014 4328 1127 4381 Gentius
1145 4326 1232 4391 (Reice
1244 4330 1295 4395 aas
1302 4330 1346 4379 der
1356 4328 1425 4379 lneel
1434 4327 1530 4379 Lesbos
1542 4325 1662 4390 tahan),

258 4418 261 4426 “
305 4410 377 4462 aedis
396 4425 498 4480 quoque
516 4412 587 4465 illius
601 4413 776 4481 Pergamenae
790 4414 908 4465 meminit
920 4415 975 4466 sic:
993 4411 1120 4467 ἀναθεῖναι
1138 4414 1165 4467 δὲ
1184 4413 1278 4478 δέλτοῡι
1289 4451 1367 4466 .....
1378 4414 1404 4465 ἐν
1422 4416 1459 4481 τῷ
1471 4416 1525 4482 ναῷ
1537 4417 1574 4482 τῷ
1587 4431 1661 4465 κατι-

307 4496 475 4567 σκ]ευασμένῳ
495 4498 738 4561 (...ΕΥΑΣοΜΕΝΩ
751 4498 872 4563 traditur)
891 4499 978 4569 α[ὺ]τῷ
996 4500 1044 4554 ὑπὸ
1062 4494 1196 4573 τῆςἈσὶας
1214 4501 1239 4553 ἐν
1252 4496 1378 4573 Περγάμῳ
1389 4499 1443 4563 auss
1455 4499 1491 4564 ἐν]
1502 4537 1632 4552 ..........
1639 4520 1661 4567 ῳ

306 4585 349 4637 καὶ
365 4579 456 4653 Ἀκτίῳ
472 4586 516 4636 καὶ
533 4582 671 4655 Βρεντεσίῳ
690 4584 733 4637 καὶ
745 4583 911 4656 ’1“αῤῥά[κ]ῳνι
929 4588 973 4640 καὶ
989 4582 1151 4656 Mdocolla?
1319 4584 1534 4661 aul'Almoxleng
1551 4590 1612 4654 πρός
1629 4591 1661 4659 τῇ

310 4668 406 4744 Δάφνῃ.
440 4670 556 4741 Apparet
574 4672 745 4741 Mytilenaeos
770 4674 868 4727 decreti
887 4675 929 4727 sui
947 4676 1066 4743 exempla
1088 4676 1198 4743 proponi
1221 4676 1333 4729 iussisse
1358 4676 1469 4728 mammo
1487 4676 1515 4727 in
1533 4674 1661 4741 portibus,

311 4761 337 4813 ia
356 4761 450 4829 quibus
469 4760 678 4829 frequentissime
696 4764 868 4817 versarentur.
