3734 5517
1510 412 1529 474 9

176 574 259 642 vales
287 575 398 659 magni
421 577 573 645 momenti
600 578 762 660 Augustus
789 580 983 647 commiserit
1008 582 1129 659 nullas,
1163 582 1242 648 55115
1269 583 1346 648 55115
1374 585 1528 660 convenit,

176 679 331 762 siquidem
362 680 474 757 scriblt
500 681 536 748 in
564 680 749 748 universum
770 683 892 768 cepisse
915 705 950 750 se
975 705 1073 752 nares
1098 683 1242 751 triremes
1268 687 1320 754 vel
1347 687 1529 754 triremibus

175 783 307 852 maiores
330 791 505 851 sexcentas.

736 1239 891 1307 CAPVT
912 1239 964 1307 IV

227 1413 295 1460 tir.
314 1398 344 1477 1,
359 1415 387 1460 21
421 1396 488 1482 [Bis
512 1395 621 1482 o]vans
643 1397 858 1485 triumphuloi,
883 1404 944 1464 trie
968 1404 1019 1483 551
1043 1398 1186 1486 55555115
1209 1401 1400 1488 triumphos.

259 1523 308 1573 55.
326 1508 388 1589 9,5
421 1507 473 1576 Δὶς
494 1506 552 1592 [ἐπὶ
573 1507 701 1592 κέλητος
723 1509 940 1598 1951555555,
964 1512 1024 1597 τρὶς
1047 1511 1114 1598 ἐφ’]
1138 1512 1278 1598 ἅρματος.

174 1617 301 1682 Sueton.
316 1620 399 1701 Aug.
416 1619 474 1683 22:
499 1620 549 1684 bis
573 1639 672 1684 conns
695 1623 860 1704 ingressus
884 1633 934 1688 est
957 1625 1063 1690 urbem
1083 1634 1160 1704 post
1176 1626 1379 1706 Philippense
1402 1638 1433 1691 el
1456 1651 1527 1692 rur-

172 1745 224 1786 sus
243 1732 323 1804 5551
348 1724 486 1789 Siculum
509 1725 629 1789 bellum.
679 1725 769 1790 Prior
791 1726 894 1792 cretio
917 1727 1029 1792 habita
1051 1732 1099 1792 est
1121 1749 1152 1792 u.
1170 1749 1196 1791 c.
1214 1729 1288 1805 714,
1313 1733 1398 1812 quod
1416 1751 1527 1813 pacem

173 1847 238 1893 cunr
257 1828 460 1892 1111515515
481 1830 559 1909 fecit
582 1829 658 1912 (act.
681 1827 833 1914 triumph.
849 1829 967 1914 Capit.;
992 1829 1121 1908 111548,
1139 1829 1211 1913 31);
1237 1829 1337 1896 altera
1358 1837 1528 1900 codicillo

172 1929 440 1997 1111555718
464 1930 625 2016 (5515115
649 1930 777 2009 111549,
796 1931 864 2016 15).
908 1932 956 1996 115
979 1933 1074 1998 155115
1095 1932 1249 2012 ovatione,
1273 1955 1369 2018 quam
1391 1937 1474 2002 mals
1497 1938 1527 2002 ei

172 2034 284 2100 tribuit
309 2033 387 2111 Dio,
415 2034 490 2100 ride
510 2033 595 2099 infra
623 2033 663 2098 51
688 2037 716 2111 1,
735 2035 793 2114 233
824 2035 940 2098 falsam
969 2055 1040 2100 eam
1070 2056 1139 2100 esse
1168 2057 1241 2101 cum
1270 2037 1333 2102 alia
1358 2041 1529 2107 ostendunt

172 2144 237 2202 tum
251 2137 348 2222 ,5551
370 2142 515 2222 superest
537 2157 576 2201 ex
599 2137 717 2203 Graeca
743 2137 1012 2222 interpretatione.
1056 2139 1121 2204 Ubi
1142 2147 1218 2204 nota
1239 2148 1400 2226 praeterea
1421 2166 1527 2210 curru-

173 2239 235 2307 lem
256 2240 457 2325 triumphum
484 2239 565 2306 verti
594 2239 646 2326 ἐφ’
671 2240 802 2326 ἅρματος
829 2241 885 2325 (51.
910 2241 1039 2308 Sueten.
1055 2242 1127 2309 Tib.
1144 2245 1178 2308 9:
1203 2253 1356 2310 5155555
1379 2256 1527 2312 5155555

170 2346 275 2410 urbem
297 2347 462 2426 1555555555
485 2344 570 2428 551).
584 2366 626 2394 -·-
649 2343 698 2407 De
717 2342 823 2408 tribus
845 2343 1016 2429 triumphis
1039 2344 1216 2412 Dalmatico
1238 2349 1366 2414 Actiaco
1389 2351 1526 2416 Alexan-

171 2446 357 2514 1115555115
377 2468 406 2512 a
417 2449 482 2514 795
504 2447 652 2513 continuo
667 2447 771 2512 triduo
787 2446 818 2510 1.
835 2448 916 2531 Aug.
936 2449 987 2513 13.
1007 2451 1058 2514 14.
1077 2449 1116 2514 15
1133 2455 1275 2518 auctores
1292 2472 1400 2518 omnes
1418 2456 1525 2540 (Verg.

169 2552 295 2630 tend,
312 2553 392 2620 714.
411 2551 674 2637 1155555133.
703 2551 873 2616 Suetonius
888 2551 910 2616 l.
928 2573 955 2616 c.
978 2552 1038 2617 Dio
1052 2554 1104 2630 51,
1117 2553 1174 2637 21)
1198 2555 1245 2620 115
1259 2557 1468 2636 consentiunt,
1492 2566 1528 2624 ut

169 2655 363 2721 5555555511
384 2659 497 2722 errarit
516 2657 547 2721 is
570 2655 626 2740 qni
647 2655 834 2740 conscripsit
856 2655 982 2722 tabulas
998 2657 1243 2724 Barberinianas
1265 2681 1328 2726 non
1349 2682 1527 2728 memorans

169 2758 230 2824 nisi
256 2759 337 2827 duos
360 2758 498 2842 Augusti
524 2758 703 2844 triumphos
724 2759 938 2825 Delmaticum
962 2759 992 2826 d.
1010 2760 1092 2844 Aug.
1114 2762 1153 2826 13
1185 2768 1217 2826 51
1238 2763 1469 2850 domnacum
1494 2767 1525 2832 d.

169 2865 248 2947 Aug.
262 2864 316 2929 15.
354 2862 437 2929 Nam
460 2884 556 2947 quarn
578 2863 743 2948 proposuit
756 2863 926 2930 1155555555
949 2863 1019 2930 aius
1041 2865 1088 2930 rei
1107 2865 1358 2951 explicationem,
1381 2870 1526 2953 Augusto

169 2967 337 3052 placuisse,
360 2973 398 3033 51
419 2966 648 3052 apudActium
670 2988 734 3032 non
755 2974 823 3035 tam
845 2968 1119 3034 Antoniauivicti
1142 2990 1211 3036 esse
1233 2970 1415 3036 viderentur
1430 2995 1526 3057 quam

170 3071 336 3156 Cleopatra
354 3072 463 3154 regina
476 3072 624 3156 Aegypti
647 3092 786 3156 eumque
795 3078 967 3157 propterea
988 3072 1186 3158 triumphum
1199 3074 1365 3140 Actiacum
1387 3076 1433 3140 ite
1454 3098 1526 3142 con-

168 3174 310 3242 iunxisse
333 3195 407 3240 cum
428 3174 631 3259 Aegyptiace,
661 3181 699 3239 51
720 3196 776 3260 pro
798 3197 861 3241 uno
884 3176 1086 3254 hebetentur,
1117 3198 1154 3242 55
1176 3177 1251 3242 11551
1270 3198 1329 3264 per
1351 3199 1386 3242 se
1413 3180 1525 3264 proba

171 3277 242 3343 bilis
259 3278 311 3342 sit
330 3277 475 3362 mihique
498 3277 575 3342 olim
596 3277 739 3361 probate,
762 3285 869 3343 tamen
885 3298 920 3342 re
934 3279 1039 3344 denuo
1055 3279 1253 3344 considerata
1266 3300 1330 3345 non
1345 3282 1422 3346 55115
1438 3284 1525 3349 fucit.

169 3381 248 3446 Nam
275 3381 418 3466 primum
447 3389 576 3446 senatus
606 3380 784 3450 decrevisse
806 3381 943 3451 traditur
974 3391 1047 3467 post
1074 3383 1269 3469 triumphum
1296 3385 1335 3449 15
1362 3387 1528 3472 Cleopatra

168 3485 331 3551 interiecto
353 3490 494 3570 tempore
517 3485 652 3550 alterum
674 3485 713 3550 de
734 3483 900 3570 Aegyptiis
922 3485 1160 3571 (111551,19).
1204 3488 1328 3555 Deinde
1350 3489 1385 3554 in
1406 3489 1525 3555 tabulis

168 3587 406 3653 Barbarinianis
421 3587 685 3656 itascribendum
700 3588 838 3654 1511555
854 3592 928 3671 imp.
945 3591 1068 3654 055555
1082 3592 1296 3678 5511555515
1311 3613 1382 3660 xrrx
1396 3597 1424 3659 lr.
1439 3596 1523 3675 Sept.

169 3694 362 3774 5155555511,
385 3691 441 3756 551
454 3711 606 3760 xlx.x11x
621 3693 649 3758 lr.
663 3694 749 3774 Sept.
788 3693 893 3760 Etiam
907 3694 1009 3778 magis
1026 3695 1153 3760 obstant
1173 3696 1248 3760 fasti
1263 3696 1428 3772 Antiatini,
1451 3717 1525 3760 cum

169 3795 206 3861 51
227 3817 291 3864 xlx
309 3796 341 3862 k.
359 3794 445 3880 Sept.
470 3795 670 3861 adscribunt:
701 3799 836 3879 lupen.
859 3801 996 3880 1515515,
1027 3819 1102 3864 nom
1130 3799 1291 3884 triumphi
1311 3820 1368 3884 per
1391 3798 1524 3866 biduum

169 3900 227 3964 acti
249 3899 442 3985 praecipuus
465 3898 533 3962 1155
554 3919 619 3966 555
644 3899 737 3984 prior·
753 3907 810 3976 est,
834 3901 891 3965 sed
914 3902 1078 3986 posterior.
1113 3901 1247 3966 Obstant
1269 3900 1405 3986 denique
1420 3910 1523 3971 aucto-

170 4022 215 4066 res
240 4023 352 4068 omnes
374 4001 513 4084 Augusti
535 4002 712 4087 triumphos
735 4010 938 4071 numerantes
960 4026 1022 4070 non
1046 4004 1135 4080 duos,
1159 4003 1215 4068 551
1237 4011 1311 4084 tres,
1339 4006 1523 4091 intorques

169 4112 213 4169 est
225 4105 335 4190 ipsum
352 4111 481 4173 senatus
504 4105 683 4170 consultum
704 4127 730 4168 5.
745 4107 809 4171 746
833 4106 933 4190 (5551
948 4106 1084 4172 Μ55555.
1101 4109 1342 4186 551.1,12,35;
1366 4132 1433 4174 cum
1448 4115 1522 4194 imp.

171 4209 291 4274 Caesar
305 4212 468 4293 depastus
490 4231 594 4274 monce
618 4213 734 4274 Sextili
758 4214 932 4292 triompbcs
957 4220 1021 4276 tres
1045 4213 1078 4278 15
1093 4214 1200 4276 urbem
1215 4214 1382 4298 intulerit).
1422 4217 1523 4292 Quam

169 4313 204 4377 ob
232 4334 302 4378 rom
329 4314 396 4378 iam
425 4312 526 4396 magis
556 4312 744 4379 crediderim
780 4313 908 4378 tabulae
935 4313 1183 4380 Barberinianao
1211 4318 1525 4401 neglegentissimum·

169 4418 351 4504 scriptorem
372 4418 432 4482 hoc
454 4436 580 4500 quoque
603 4417 671 4482 looo
694 4417 849 4482 erravisse
872 4423 904 4481 et
926 4438 966 4482 ex
988 4418 1091 4486 tribus
1115 4421 1272 4508 capitibus
1296 4421 1452 4486 continuis
1475 4423 1523 4486 15-

169 4522 358 4606 51515511555
381 4543 402 4586 5
422 4520 529 4588 uerbis
550 4525 623 4604 imp.
650 4522 773 4588 Oneecr
795 4521 937 4588 medium
959 4522 1115 4590 omisisse.
