3734 5517
833 375 862 428 P.
882 374 1034 428 SVLPIGII
1053 373 1203 440 QVIRINII

509 929 604 994 topatus
645 947 685 994 pr.
722 948 762 994 pr.
809 930 861 980 dici
901 930 1011 995 Aupasti
1049 931 1140 996 syriam
1181 942 1204 982 et
1242 932 1382 997 phoenicem
1422 934 1532 998 optinens

510 1025 595 1074 hellam
740 1025 817 1089 pessit
964 1043 1015 1074 cum
1157 1035 1228 1092 pente
1369 1027 1529 1078 homoaaden-

506 1119 568 1167 sium
699 1127 714 1156 N
780 1135 843 1182 qaae
1054 1120 1211 1183 interfecerat
1410 1132 1531 1188 amyntam

513 1209 623 1262 rEGEM
643 1233 651 1250 ·
672 1208 742 1273 QVA
767 1233 775 1250 ·
801 1209 967 1262 REDAGTA
986 1234 994 1251 ·
1015 1211 1051 1263 IN
1071 1235 1080 1252 ·
1099 1212 1267 1265 POTestatem
1295 1215 1459 1279 dicionemque
1478 1217 1531 1266 diui

509 1304 666 1358 nvcvsrr
685 1327 693 1344 ·
713 1288 914 1367 rorvnlovn
933 1328 942 1344 ·
960 1304 1095 1358 nonnur
1114 1329 1123 1346 ·
1143 1304 1530 1360 sunnrvsrarmmaaoae

511 1397 810 1452 SVPPLIOATIONES
822 1421 830 1438 ·
842 1385 951 1451 BlNAS
962 1421 971 1440 ·
982 1398 1026 1451 OB
1037 1423 1046 1439 ·
1056 1399 1123 1452 RES
1132 1422 1140 1438 ·
1149 1399 1301 1452 PROSPere
1319 1404 1352 1452 ch
1369 1420 1395 1453 eo
1411 1413 1496 1468 pectas
1508 1413 1531 1453 et

511 1493 579 1545 IPSI
642 1515 650 1532 ·
720 1492 939 1546 ORNAMENTA
1002 1515 1011 1532 ·
1080 1493 1294 1546 TRIVMPHolia
1363 1497 1471 1548 decremt

492 1587 559 1640 PRO
580 1609 588 1628 ·
609 1586 745 1641 CONSVL
766 1611 774 1628 ·
794 1585 902 1640 ASIAM
916 1609 924 1628 ·
938 1587 1156 1640 PROVINCIAM
1170 1611 1178 1629 ·
1192 1588 1311 1641 optauit
1323 1591 1419 1655 leqcues
1435 1609 1475 1656 pr.
1491 1608 1531 1654 pr.

509 1667 589 1736 DIVI
619 1705 627 1722 ·
654 1680 811 1734 AVGVSTI
834 1681 993 1753 iTERVlif
1014 1681 1146 1735 SYRIAM
1169 1705 1178 1722 ·
1202 1683 1424 1742 ETvPHoerricem
1433 1684 1538 1750 optinuit

450 1848 500 1912 Ita
523 1844 684 1923 Quirinius
707 1849 779 1928 post
801 1837 944 1927 peractos
960 1841 1069 1906 ordine
1088 1843 1226 1908 minores
1241 1843 1375 1910 honores
1399 1843 1538 1930 (loseph.
1555 1845 1607 1922 18,
1624 1847 1700 1922 1,1)

341 1950 516 2038 praetorius
539 1948 746 2034 proconsule
770 1947 909 2032 Cyprum
938 1951 969 2011 et
992 1947 1130 2030 Cyrenas
1160 1947 1397 2012 administrarit
1425 1955 1457 2013 et
1485 1947 1519 2012 in
1542 1968 1581 2012 eo
1604 1949 1702 2030 magi-

342 2062 443 2120 stratu
464 2052 670 2118 Marmaridas
694 2058 726 2115 et
749 2051 954 2116 Garamantas
977 2051 1110 2117 fortasse
1133 2073 1161 2115 a.
1179 2053 1243 2117 734
1267 2052 1398 2117 domuit.
1443 2050 1567 2115 Deinde
1591 2072 1622 2119 a.
1640 2053 1702 2116 741

343 2159 451 2226 consul
473 2158 575 2222 factus
599 2163 657 2222 est.
695 2155 755 2219 Pro
779 2156 907 2219 consule
922 2155 1034 2220 Asiam
1058 2156 1196 2221 obtinuit
1219 2163 1274 2221 aut
1296 2157 1380 2222 inter
1402 2177 1429 2220 a.
1447 2157 1626 2221 747-750
1651 2163 1703 2220 aut

341 2264 423 2328 inter
446 2283 474 2326 a.
492 2261 670 2326 753-755
696 2265 727 2324 et
749 2259 913 2324 Tiberium
936 2258 1040 2324 Rhodi
1069 2259 1234 2342 degentem
1258 2281 1296 2325 ea
1318 2259 1479 2325 occasione
1501 2258 1633 2324 videtur
1656 2280 1702 2323 co-

341 2367 451 2432 luisse.
489 2366 624 2448 Legatos
648 2363 785 2445 Augusti
807 2383 863 2448 pro
886 2369 1029 2448 praetore
1053 2362 1163 2447 Syriae
1187 2363 1702 2430 11Ρ1111111111.751.752Η1

340 2469 587 2537 monadansibus
603 2469 638 2531 in
649 2467 770 2531 Pisidia
784 2467 876 2532 victis
893 2467 972 2532 duas
989 2467 1235 2553 supplicationes
1251 2475 1283 2532 et
1295 2474 1478 2534 ornamenta
1494 2466 1703 2552 triumphalia

341 2575 465 2639 meruit.
503 2572 535 2636 0.
554 2591 581 2634 a.
595 2571 772 2636 755-757
797 2572 969 2638 Aemiliam
984 2571 1136 2658 Lepidam
1159 2593 1291 2637 uxorem
1314 2573 1414 2650 duxit,
1439 2571 1490 2636 eui
1511 2591 1588 2635 mox
1610 2590 1703 2657 repu-

343 2677 433 2743 dium
454 2675 543 2740 misit
568 2675 607 2738 cb
631 2680 758 2760 partum
785 2675 985 2760 suppositum
1006 2676 1102 2760 (Tac.
1122 2697 1194 2740 ann.
1212 2677 1247 2753 3,
1266 2677 1318 2741 22.
1340 2677 1396 2756 233
1428 2675 1514 2740 Suet.
1534 2675 1608 2739 Tib.
1628 2676 1702 2760 49).

342 2782 381 2846 A.
395 2780 458 2844 756
481 2777 611 2843 11111111
634 2779 701 2842 1111
730 2799 801 2843 cum
826 2779 1010 2844 (10111111
1038 2779 1072 2842 in
1095 2779 1247 2844 Armenia
1268 2779 1338 2844 fuit.
1385 2779 1433 2844 Ex
1456 2800 1483 2842 a.
1497 2780 1561 2844 759
1585 2779 1703 2844 iterum

343 2884 453 2968 Syriae
476 2884 600 2964 legatus
615 2881 761 2965 praefuit.
797 2883 836 2946 A.
850 2884 913 2946 769
938 2883 971 2944 in
996 2882 1075 2948 urhe
1090 2882 1151 2946 fuit
1166 2891 1198 2947 et
1213 2883 1253 2946 M.
1270 2883 1393 2953 Drusus
1409 2882 1488 2947 Libo
1502 2882 1703 2968 propinquus

342 2989 410 3054 eius
440 2989 515 3072 (per
536 3006 668 3050 uxorem
690 2985 858 3070 Lepidam,
888 3006 919 3049 v.
943 2993 1020 3050 rom.
1038 2987 1234 3050 Mitamcesea
1256 3008 1287 3072 p.
1302 2987 1365 3050 633
1389 2987 1518 3065 alac)
1547 3006 1606 3070 per
1632 3008 1703 3052 eum

343 3100 499 3158 extremas
522 3111 630 3176 preces
655 3088 694 3154 ad
718 3089 893 3174 principem
921 3088 1087 3155 mandavit
1110 3089 1207 3173 (Tac.
1223 3110 1296 3154 ann.
1314 3090 1343 3166 2,
1361 3090 1434 3173 30).
1484 3089 1567 3154 Item
1590 3111 1621 3154 a.
1642 3091 1702 3154 773

341 3195 486 3260 interfuit
514 3193 707 3284 accusationi
729 3192 866 3280 Lepidae
897 3192 1058 3276 quondam
1086 3195 1193 3259 uxoris
1222 3201 1349 3279 propter
1372 3193 1492 3258 crimen
1518 3193 1602 3257 illud
1628 3194 1704 3258 olim

342 3299 546 3362 commissum
569 3299 660 3379 (Tac.
677 3297 699 3362 l.
717 3319 758 3377 e.;
785 3297 869 3361 Suet.
887 3297 909 3360 l.
924 3296 977 3380 1.).
1030 3295 1134 3363 Senex
1163 3317 1191 3360 a.
1205 3299 1269 3361 774
1297 3296 1383 3361 diem
1410 3296 1490 3360 obiit
1518 3303 1550 3361 et
1572 3298 1704 3382 publice

343 3402 445 3466 elatus
470 3405 518 3466 est
538 3400 628 3485 (Tac.
642 3422 714 3464 ann.
727 3401 756 3477 3,
771 3399 840 3484 48).
880 3399 1018 3485 Stirpem
1038 3406 1110 3484 post
1125 3420 1160 3464 se
1176 3419 1238 3464 non
1253 3398 1386 3483 reliquit
1399 3400 1489 3480 (Tac.
1500 3420 1575 3464 ann.
1588 3401 1621 3480 3,
1637 3404 1703 3482 22).

342 3506 380 3568 ln
409 3505 524 3588 quibus
553 3504 654 3568 multa
681 3504 802 3570 incerta
830 3524 900 3568 esse
929 3509 1033 3588 patet,
1065 3525 1168 3588 neque
1197 3510 1304 3569 tamen
1327 3504 1504 3588 quidquam
1526 3505 1622 3570 credo
1653 3507 1704 3570 ad·

342 3609 485 3686 missum,
510 3607 594 3692 quod
617 3609 855 3674 coarctionem
877 3609 995 3674 habeat
1017 3615 1048 3673 et
1071 3609 1385 3693 probabilitatem*).

413 3921 442 3986 *1
460 3923 624 3977 Hermannus
639 3923 759 3987 Gerlach,
779 3923 853 3976 cuius
873 3923 950 3976 modo
969 3923 1074 3976 affertur
1087 3923 1190 3976 libellus
1204 3925 1253 3986 (die
1265 3926 1398 3976 romisctea
1409 3926 1561 3977 Stcrticlter
1573 3929 1600 3978 in
1612 3928 1706 3996 Syrico

342 4013 393 4063 and
403 4011 499 4062 Iudaea
510 4030 555 4064 von
568 4012 601 4066 69
611 4032 657 4064 cor
672 4013 768 4064 Christo
782 4010 865 4064 11169
879 4013 942 4064 nack
955 4010 1058 4064 Christo.
1078 4010 1282 4065 Β110111111865.
1302 4011 1327 4064 8.
1345 4023 1389 4080 pp.
1400 4010 1456 4076 92),
1475 4012 1558 4064 multo
1571 4011 1666 4067 labore
1680 4019 1707 4067 et

343 4097 488 4161 bonafide,
507 4098 553 4150 sed
572 4114 604 4150 ne
621 4099 743 4152 tirocinio
763 4098 868 4166 quidem
885 4099 913 4150 in
931 4099 1005 4151 hisco
1024 4097 1119 4150 studiis
1137 4098 1223 4165 posito
1241 4113 1296 4150 rem
1314 4112 1392 4165 quam
1408 4099 1580 4152 tractavimus
1594 4115 1707 4169 aggres-

343 4199 388 4237 sus
407 4185 472 4237 nihil
496 4183 558 4236 novi
575 4185 697 4252 protulit,
719 4185 788 4252 quod
811 4200 862 4237 non
887 4185 922 4238 sit
940 4185 1071 4252 ineptum,
1095 4183 1286 4251 ineptissimam
1309 4188 1396 4237 autem
1415 4184 1531 4237 omnium
1549 4185 1642 4240 Lucae
1662 4189 1707 4240 dc-

342 4271 487 4324 feneiouem
509 4271 577 4324 hanc
602 4269 643 4338 (p.
654 4271 688 4326 33
699 4271 764 4339 eq),
788 4287 819 4326 eo
838 4274 971 4339 tempore,
996 4286 1049 4343 quo
1067 4270 1187 4324 Christus
1211 4275 1287 4324 natus
1311 4275 1365 4336 est,
1389 4275 1442 4326 tam
1461 4271 1561 4326 Varum
1583 4273 1706 4342 legatum

344 4357 435 4424 Syriae
453 4358 536 4411 fuisse
555 4373 632 4426 quam
650 4358 794 4422 Quirinium
814 4374 972 4426 censumque
992 4358 1138 4423 Quirinium
1155 4363 1212 4412 tum
1229 4359 1357 4426 coepisse,
1376 4357 1518 4428 perfecisse
1536 4363 1600 4427 post
1618 4377 1707 4414 annos

344 4459 437 4496 norem
460 4445 487 4496 in
509 4445 640 4512 legatione
664 4446 752 4498 altera.
794 4445 862 4498 Sane
887 4446 1023 4513 indignum
1045 4445 1147 4498 facinus
1166 4461 1199 4498 ne
1221 4446 1249 4497 in
1272 4446 1320 4497 hac
1343 4446 1447 4513 quidem
1469 4445 1529 4497 luce
1554 4446 1708 4500 litterarum

343 4529 428 4581 larvas
446 4530 505 4584 illas
524 4531 701 4584 tenebricosas
720 4531 905 4598 conquiescere
924 4547 1003 4601 posse
1016 4533 1087 4585 etde
1100 4532 1253 4600 quaestione
1266 4531 1419 4586 difficillima
1431 4532 1473 4585 vel
1485 4533 1590 4588 hiscere
1604 4535 1706 4588 audere

343 4615 486 4680 hominem,
510 4617 555 4685 qui
573 4617 687 4684 legatum
705 4617 888 4685 proconsulem
906 4621 1100 4685 procuratorem
1116 4620 1243 4686 perpetuo
1266 4619 1334 4672 inter
1353 4635 1381 4672 sa
1400 4619 1544 4672 contundat
1561 4624 1590 4674 at
1606 4621 1709 4674 identi-

344 4684 403 4754 dem
421 4702 509 4756 laudet
527 4706 659 4756 auctorem
678 4703 769 4756 nescio
788 4718 865 4770 quem
883 4703 968 4756 adhuc
987 4705 1105 4771 ignotum
1125 4704 1274 4758 Suetonam.
