3734 5517
655 372 809 428 Tlavnvs
829 373 1045 428 TIBVRTINVS

376 1048 430 1111 DE
454 1045 707 1111 ITERATIONE
731 1045 1002 1111 LEGATIONVM
1025 1045 1327 1111 COROLLARIVM.

772 1183 813 1248 (e
832 1183 932 1248 e112)

278 1299 408 1382 Legatio
432 1297 612 1384 provinciae
643 1297 778 1362 alicuius
809 1318 1003 1380 quamquam
1033 1317 1096 1361 non
1119 1303 1223 1382 potest
1245 1297 1308 1361 diei
1331 1299 1445 1363 iterata
1467 1299 1530 1360 11111

166 1403 282 1468 eadem
305 1402 470 1488 provincia
492 1401 595 1465 denuo
619 1406 766 1486 suscepta
787 1401 838 1478 sit,
862 1407 969 1466 tamen
992 1401 1048 1464 ubi
1069 1401 1233 1486 provincia
1255 1421 1316 1464 non
1332 1400 1528 1485 exprimitur,

166 1505 297 1572 etiamsi
326 1506 468 1571 diversae
498 1505 563 1569 sint
589 1505 783 1589 provinciae,
810 1504 936 1569 iteratio
965 1505 1093 1591 ponitur
1121 1524 1183 1568 non
1206 1505 1323 1590 inepte.
1369 1507 1418 1568 lta
1440 1504 1531 1567 adest

165 1613 200 1675 in
224 1609 320 1674 titulo
336 1609 581 1694 Superaequano
605 1607 716 1691 (Orell.
734 1609 833 1688 31093
861 1609 886 1671 Ι.
902 1608 942 1675 N.
959 1610 1060 1688 5471)
1084 1608 1130 1671 111
1153 1608 1349 1672 emendando
1371 1609 1410 1672 ad
1427 1628 1530 1672 exem-

165 1715 259 1801 plum
289 1733 361 1776 oum
384 1733 460 1776 cura
488 1732 507 1775 a
535 1711 675 1775 Bruunio
704 1718 887 1796 exceptum:
922 1712 960 1787 Q.
979 1713 1077 1776 Vcirio
1110 1713 1146 1788 Q.
1168 1715 1193 1794 f.
1219 1715 1346 1778 Gemino
1377 1715 1436 1793 leq.
1467 1713 1531 1776 deiri

167 1821 251 1898 Any.
270 1803 317 1895 Π,
343 1837 405 1898 pro
430 1817 508 1896 cos,
533 1835 597 1895 pn,
622 1823 662 1877 tr.
684 1817 742 1896 pt,
765 1833 809 1896 q.‚
838 1817 970 1896 quaesit.
994 1817 1102 1892 indic,
1123 1818 1230 1897 praes.
1253 1817 1346 1897 frain.
1371 1802 1533 1896 dondftl

166 1925 230 1986 uir.
253 1922 433 1996 1111111111,
458 1921 601 1986 curatori
618 1921 742 1984 oedidm
763 1939 850 1982 socr.
875 1928 1098 1983 monumentor.
1123 1939 1182 2001 que
1201 1922 1319 2000 public.
1337 1923 1528 1986 tuendorum.

171 2029 204 2091 la
238 2027 360 2109 prtinus
390 2027 523 2089 omnium
550 2025 692 2104 Paelipn.
716 2031 847 2086 senator
880 2025 987 2104 factas
1023 2032 1072 2085 est
1107 2031 1137 2085 et
1171 2044 1226 2086 eos
1256 2026 1392 2088 honores
1419 2028 1531 2106 pessit.

172 2130 413 2212 Superocqnoni
432 2128 560 2208 publice
578 2135 729 2208 patrono.
777 2125 840 2190 Sed
865 2132 938 2210 post
960 2128 1141 2208 Augustum
1162 2132 1274 2191 notum
1296 2128 1400 2192 estin
1422 2129 1532 2192 ordine

171 2234 328 2298 honorum
350 2230 527 2316 provincias
551 2229 726 2312 legatorum
748 2229 1035 2314 proconsulumque
1058 2250 1127 2294 raro
1151 2229 1263 2294 omitti.

284 2336 450 2400 Praeterea
465 2354 504 2397 ex
518 2332 611 2397 titulo
628 2333 661 2396 P.
675 2333 851 2396 Pactumeii
862 2332 1034 2398 Clementis
1051 2333 1197 2418 (Henzen
1212 2356 1243 2397 n.
1257 2334 1342 2398 6483
1359 2364 1402 2390 =
1416 2335 1532 2398 Renier

171 2439 329 2524 111812),
359 2438 417 2503 ubi
440 2437 485 2502 sic
508 2442 570 2500 est:
591 2439 739 2517 praetori
762 2437 897 2518 urbano,
920 2440 1028 2519 leonto
1052 2439 1118 2502 diui
1141 2440 1301 2502 Hadriani
1323 2441 1367 2502 od
1389 2442 1531 2502 rationes

173 2547 351 2608 ciuitatium
374 2545 490 2626 Syriae
509 2543 683 2622 putandos,
707 2543 813 2623 legato
837 2544 975 2606 ciusdem
997 2545 1031 2606 in
1057 2543 1183 2624 Cilicio,
1207 2546 1331 2607 consuli
1353 2544 1404 2627 (p.
1421 2544 1456 2610 C.
1471 2545 1532 2608 138

172 2647 242 2732 ipso
256 2645 411 2722 nundino,
428 2663 490 2728 quo
505 2643 684 2708 Hadrianus
701 2644 860 2729 excessit),
879 2647 984 2727 legato
1000 2648 1034 2709 in
1053 2645 1168 2710 Cilicio
1183 2650 1257 2728 imp.
1272 2648 1425 2711 Antonini
1441 2649 1532 2729 Auo,

172 2753 306 2834 apparet
320 2748 510 2831 legationem
523 2747 591 2810 iure
606 2745 691 2812 finiri
707 2753 807 2812 morte
822 2747 891 2812 eius
908 2749 964 2831 qui
979 2748 1098 2831 legavit
1119 2753 1151 2812 et
1172 2748 1229 2813 ubi
1252 2748 1336 2813 idem
1353 2750 1446 2814 homo
1462 2771 1533 2814 ean-

173 2854 247 2917 dem
269 2851 467 2937 provinciam
489 2851 711 2916 administrare
734 2852 845 2937 pergit,
869 2857 1019 2918 nontam
1039 2853 1229 2936 legationem
1247 2853 1424 2918 continuari
1438 2875 1535 2937 quam

173 2958 271 3022 aliam
294 2956 378 3037 dari;
403 2955 487 3040 quod
509 2955 556 3019 ita
578 2975 648 3020 esse
671 2955 785 3020 debere
808 2978 871 3021 non
894 2957 1042 3040 ignorant
1063 2957 1097 3034 ii,
1122 2957 1178 3041 qui
1200 2957 1278 3040 quid
1293 2957 1336 3021 sit
1349 2957 1535 3022 mandatum

172 3059 344 3145 imperium
363 3059 460 3144 probe
482 3059 673 3124 didicerunt.
711 3061 844 3125 Videtur
865 3068 971 3126 autem
988 3062 1134 3126 Clemens
1149 3061 1250 3144 magis
1266 3062 1465 3126 consulatum
1481 3063 1534 3126 ab·

173 3185 247 3229 sens
262 3163 400 3247 gessisse
415 3184 480 3228 una
500 3185 573 3228 oum
588 3162 717 3227 Ciliciae
733 3163 1007 3230 administratione
1023 3184 1121 3248 quam
1143 3169 1269 3249 propter
1284 3185 1357 3229 eum
1378 3164 1534 3247 legatione

174 3267 292 3334 abiisse
317 3274 352 3344 et¹
370 3287 444 3332 mox
466 3267 555 3332 finito
571 3266 737 3331 consulatu
752 3267 787 3332 in
803 3268 948 3332 Ciliciam
962 3268 1106 3345 rediisse,
1130 3288 1325 3352 quamquam
1339 3267 1398 3333 hoc
1413 3269 1535 3354 placuit

173 3371 347 3456 Borghesio
375 3373 478 3455 (Ball.
501 3373 584 3453 Nop.
607 3392 710 3436 nocuo
735 3372 764 3450 2,
783 3371 855 3456 35).
888 3413 929 3422 -
959 3372 1114 3438 Similiter
1144 3373 1200 3437 Cn.
1226 3371 1375 3438 Octavius
1395 3373 1535 3438 Titinius

174 3475 286 3560 Capito
308 3475 338 3539 11
361 3475 451 3540 cuius
474 3475 620 3540 meminit
641 3474 766 3540 Plinius
795 3476 829 3540 in
857 3476 1005 3560 epistulis
1034 3476 1157 3560 (1‚17.
1182 3477 1307 3561 8,12),
1338 3483 1418 3542 teste
1442 3476 1535 3541 titulo

174 3579 290 3666 (Orelli
306 3581 387 3659 801;
411 3579 617 3646 Kellermann
635 3580 696 3663 vig.
705 3582 740 3665 7)
762 3601 854 3662 proc.
879 3583 919 3646 ob
942 3585 1089 3664 epistulis
1114 3590 1144 3647 et
1159 3584 1401 3663 enutrimenta,
1424 3583 1535 3643 tternm

173 3687 214 3750 ob
233 3685 387 3767 'epistulis
411 3686 477 3748 dici
497 3686 620 3748 Neruae
643 3731 716 3766 ....,
740 3686 781 3748 cd
804 3686 930 3766 epistol.
955 3688 1051 3750 tortio
1074 3688 1148 3767 imp.
1166 3687 1288 3750 Nerone
1306 3685 1437 3747 Caesar.
1458 3685 1535 3746 Tra-

174 3792 242 3854 iani
266 3790 351 3870 Aug.
377 3788 462 3864 Gen,
487 3787 527 3852 ab
551 3786 697 3871 epistulis
721 3787 782 3852 fuit
805 3793 836 3851 et
858 3787 1050 3865 Domitiano,
1083 3788 1173 3854 ouius
1196 3807 1310 3852 nomen
1333 3786 1426 3852 solito
1447 3807 1535 3851 more

174 3899 312 3970 tacetur,
343 3897 375 3956 et
396 3891 518 3956 Nervae
542 3897 573 3955 et
595 3891 748 3970 Traiano,
780 3913 915 3977 cumque
942 3893 1083 3972 officium
1098 3898 1299 3978 perpetuum
1327 3894 1411 3955 esset
1439 3889 1536 3972 (nam

173 3993 431 4080 procurationem
455 4015 474 4058 a
496 3993 685 4079 patrimonio
709 4017 765 4081 per
789 3995 918 4079 aliquod
947 4002 1073 4080 tempus
1102 4016 1174 4058 cum
1197 3995 1297 4059 altera
1317 3994 1535 4078 procuratione

175 4099 302 4164 videtur
318 4097 546 4179 coniunxisse),
563 4097 656 4162 toties
672 4097 705 4162 id
721 4097 833 4162 scribit
848 4119 881 4162 se
897 4099 1039 4175 iterasse,
1058 4097 1181 4180 quoties
1197 4098 1374 4184 principem
1389 4103 1533 4165 mutaret.
