3734 5517
953 339 1074 402 uelo

860 557 1015 624 OAPVT
1044 542 1187 623 XXVI'

406 671 478 740 'aab
493 675 553 756 5‚9
588 671 742 738 Omnium
775 671 1023 758 prov[inciarum
1053 674 1166 752 populi
1193 668 1357 754 Romani],
1392 665 1510 750 quibus
1540 667 1700 730 finitimae

520 803 549 848 10
581 784 712 848 fuerunt
740 787 746 853 Ι
774 789 888 868 gentes
920 804 1003 864 quae
1038 781 1182 866 n[ondum
1215 789 1365 862 parerent
1400 781 1532 860 imperio
1562 778 1701 861 neside,

588 893 670 958 fines
693 893 804 978 aux['].

415 1023 461 1071 eli.
477 1007 556 1088 ii,1
590 1003 717 1090 [Πασῶν
748 1009 805 1067 τῶν
835 1004 1002 1088 ἐπαρχειῶν
1032 1008 1084 1066 τοῦ
1108 1003 1205 1087 δήμου
1230 1006 1282 1065 τοῦ
1300 995 1492 1086 ‘papatiam
1522 999 1559 1067 ἃς
1582 999 1702 1083 ὅμοραΙ

515 1136 557 1179 aa
590 1113 671 1202 [ἔθνη
700 1113 865 1201 περιῴκουν
895 1113 986 1197 μήπω
1018 1111 1250 1198 ὑποτεταγμένα]
1278 1117 1315 1195 τῇ
1343 1099 1476 1195 ἡμετέρα
1499 1115 1506 1180 Ι
1528 1109 1701 1193 [ἡγεμονία

588 1227 624 1290 τὰ
648 1227 713 1314 ὅρια
735 1223 924 1312 προήγαγον].
1425 1304 1429 1314 ⁴
1624 1306 1628 1310 v

340 1343 423 1409 Huic
451 1345 518 1410 loeo
542 1342 723 1410 Huschkius
754 1345 849 1424 (dher
879 1343 938 1406 dea
961 1362 1019 1404 aar
1044 1343 1114 1404 Zeit
1141 1344 1197 1406 der
1222 1343 1339 1404 Gehert
1365 1339 1487 1404 Christi
1509 1339 1702 1419 pehoiterren

343 1448 461 1512 Census
485 1471 516 1533 p.
530 1449 571 1512 53
588 1469 646 1532 sq.,
671 1445 742 1511 coll.
765 1448 842 1510 tiber
865 1447 923 1508 dea
950 1445 1068 1509 Census
1092 1449 1149 1508 der
1172 1447 1351 1508 Kaiseraeit
1374 1454 1465 1528 px)
1495 1462 1627 1510 causum
1653 1441 1703 1504 in-

340 1551 417 1615 tulit
439 1573 478 1614 ex
500 1551 591 1615 libris
615 1549 713 1615 sacris
743 1549 895 1635 supplens
926 1547 987 1612 sic:
1019 1553 1152 1612 uranium
1177 1549 1425 1633 predicacionem
1448 1567 1573 1610 censum
1595 1549 1649 1627 epi
1673 1556 1704 1609 et

340 1655 465 1740 aarum],
492 1657 603 1736 quihus
627 1662 696 1730 eat,
727 1673 802 1717 sane
833 1668 989 1737 perverse.
1042 1652 1130 1718 Idem
1158 1651 1337 1739 provincias
1361 1671 1442 1734 quae
1464 1657 1614 1735 parerent
1636 1653 1705 1713 Au-

341 1763 431 1841 gusto
461 1757 588 1840 negavit
615 1764 698 1820 recte
728 1756 792 1820 dici
819 1753 931 1840 populi
959 1755 1108 1832 Romani3
1145 1763 1178 1819 at
1207 1757 1371 1837 Angustus
1400 1753 1557 1838 quidquid
1586 1755 1703 1827 tenuit,

340 1861 450 1946 populi
472 1859 599 1925 nomine
620 1867 726 1925 tenere
750 1879 784 1923 se
808 1877 933 1942 semper
952 1859 1116 1942 professus
1147 1869 1196 1922 est
1221 1863 1465 1942 Aegyptumque
1487 1858 1566 1920 adeo
1590 1857 1705 1922 scribit

341 1963 494 2028 adiecisse
517 1983 552 2028 se
573 1967 706 2047 imperio
727 1965 840 2044 pepedi
863 1963 998 2027 Romani
1020 1962 1067 2044 (5,
1084 1962 1157 2043 24);
1183 1980 1279 2044 quare
1302 1960 1419 2025 raduni
1441 1959 1704 2044 supplementum

342 2069 576 2153 Zumptianum.
621 2069 689 2132 Iam
713 2065 831 2149 quibus
855 2063 895 2128 de
922 2063 1094 2147 prouinciis
1119 2064 1175 2127 boc
1198 2064 1266 2128 loeo
1288 2063 1433 2144 cogitarit
1454 2065 1629 2144 Augustus,
1661 2065 1705 2126 vi-

341 2169 481 2236 deamus.
507 2209 548 2220 -
572 2165 619 2236 De
635 2167 861 2254 Hispaniarum
884 2173 916 2232 et
937 2166 1111 2230 Galliarum
1135 2167 1280 2231 litoribus
1302 2166 1424 2251 pacatis
1447 2185 1520 2230 cum
1535 2168 1705 2247 Augustus

340 2281 413 2358 agat
435 2275 537 2360 capite
561 2282 723 2359 sequente,
747 2274 809 2338 hoo
830 2272 870 2335 ad
887 2273 1060 2356 Hispanias
1075 2273 1232 2356 pertinere
1246 2291 1309 2336 non
1326 2269 1460 2346 videtur,
1484 2270 1606 2354 quippe
1621 2291 1704 2353 quae

341 2385 449 2460 gentes
473 2379 623 2442 barbaras
646 2376 771 2461 proprie
794 2371 947 2438 finitimas
970 2374 1139 2439 habuerint
1151 2375 1268 2441 nullas.
1285 2411 1325 2420 -
1343 2374 1518 2438 Galliarum
1537 2376 1620 2439 fines
1638 2379 1704 2440 Au-

342 2487 432 2562 gusto
455 2481 539 2544 visos
562 2499 632 2544 esse
648 2477 843 2543 Germanicis
866 2479 933 2542 suis
949 2478 1203 2562 expeditionibus
1220 2479 1361 2542 aRheno
1376 2479 1515 2563 prolatos
1531 2479 1572 2542 ad
1590 2481 1703 2544 Albim

341 2601 470 2646 necesse
494 2589 543 2647 est
564 2589 740 2648 stauramus
761 2590 937 2668 propterea,
962 2583 1045 2666 quod
1067 2583 1103 2646 in
1123 2584 1164 2647 iis
1182 2602 1263 2667 quae
1278 2591 1453 2665 sequuntur
1469 2583 1595 2647 Galliae
1610 2586 1706 2649 litora

343 2707 363 2750 a
383 2687 527 2751 confiniis
542 2687 714 2772 Hispaniae
737 2686 950 2752 extenduntur
973 2687 1012 2749 ad
1036 2687 1152 2750 ostium
1175 2707 1277 2770 usque
1292 2685 1433 2752 huminis
1449 2686 1552 2750 Alitis.
1590 2689 1704 2771 Itaque

344 2790 544 2856 Germaniam
566 2791 648 2856 inter
671 2791 815 2856 Rhenum
839 2799 870 2854 ot
892 2790 1002 2854 Albim
1018 2790 1152 2855 Romani
1175 2781 1300 2875 imperii
1324 2811 1393 2854 essa
1407 2790 1510 2855 voluit
1524 2792 1703 2874 Augustus,

343 2893 445 2958 noluit
467 2893 615 2958 Tiberius
638 2901 669 2958 et
691 2915 764 2960 cum
785 2894 961 2979 imperante
985 2903 1072 2978 patre
1103 2896 1259 2959 exercitus
1286 2895 1361 2958 iude
1385 2895 1578 2971 deduxisset,
1603 2895 1705 2980 impe-

344 3003 427 3063 rator
449 2997 518 3083 ipse
542 3016 612 3062 eam
635 2997 814 3080 dereliquit.
855 2998 944 3074 Quod
968 3018 1160 3080 quamquam
1185 3007 1346 3084 praeterea
1367 3019 1431 3063 uon
1452 3001 1592 3064 traditur
1615 3006 1703 3080 (narn

344 3103 469 3167 diversa
491 3109 566 3166 eunt
588 3121 669 3186 quae
691 3109 821 3168 narrant
845 3101 1015 3164 Suetonius
1033 3104 1114 3185 Aug.
1128 3105 1167 3166 21
1195 3105 1365 3167 Germanos
1389 3104 1428 3167 ab
1453 3105 1598 3182 Augusto
1622 3105 1707 3168 ultra

344 3207 454 3270 Albim
485 3206 617 3270 fluvium
645 3212 818 3274 summotos
849 3225 918 3268 esse
948 3213 980 3269 et
1002 3205 1114 3271 Strabo
1132 3211 1161 3284 7,
1182 3211 1247 3284 1‚4
1271 3227 1301 3291 p.
1318 3209 1374 3271 191
1402 3208 1584 3289 Augustum
1608 3209 1707 3273 duces

344 3309 501 3374 Romanos
517 3308 629 3372 Albim
643 3309 821 3392 transgredi
837 3309 1001 3394 vetuisse),
1023 3317 1128 3374 tamen
1144 3312 1292 3376 convenit
1305 3310 1346 3374 iis
1363 3329 1446 3394 quae
1459 3310 1499 3374 de
1512 3311 1588 3374 Vari
1604 3313 1706 3376 admi·

276 3473 277 3476 ,
344 3411 529 3476 nistratione
543 3409 728 3476 Germaniae
743 3413 911 3476 traduntur
927 3449 968 3460 -
986 3415 1025 3479 oi.
1038 3413 1214 3478 Cassiodor.
1231 3414 1295 3476 chr.
1313 3414 1352 3477 ad
1369 3416 1484 3478 aiiii:
1499 3418 1585 3477 inter
1600 3419 1707 3480 Albim

345 3527 376 3582 ct
391 3517 529 3579 stenem
546 3515 692 3578 Gemoai
716 3537 820 3580 omues
848 3518 893 3580 Ti.
907 3519 1028 3582 Neroni
1042 3521 1142 3581 dediti
1165 3526 1197 3582 et
1213 3517 1292 3581 Veli.
1310 3519 1339 3594 2,
1358 3520 1416 3581 97:
1441 3518 1550 3599 (Nero)
1567 3523 1619 3582 sie
1630 3543 1706 3601 per-

346 3624 463 3687 domuit
479 3617 719 3702 (Germaniam),
739 3629 772 3681 ut
787 3624 821 3682 io
835 3623 970 3701 sormam
982 3643 1083 3702 paene
1099 3623 1330 3703 stipendiariae
1344 3625 1501 3703 radiperet
1515 3629 1708 3703 provinciae

346 3763 387 3774 —-
408 3723 637 3805 universaeque
661 3719 898 3804 expeditionum
917 3725 1054 3807 Augusti
1074 3726 1332 3790 Germanicamm
1350 3727 1464 3790 rationi
1489 3733 1521 3790 et
1538 3727 1705 3802 decursui;

347 3825 403 3892 sed
425 3826 520 3890 latius
544 3825 621 3890 haec
642 3823 830 3910 explicanda
853 3835 927 3892 sunt
951 3848 1047 3911 quam
1061 3837 1098 3893 ut
1112 3830 1171 3893 bac
1192 3830 1505 3915 pagellacapiantur.
1524 3832 1708 3916 —Illyrici

347 3941 378 3995 et
393 3929 594 3994 Macedoniae
617 3931 695 3994 fines
712 3932 875 4012 Augustus
899 3931 945 3995 ita
968 3940 1051 3996 certe
1065 3935 1206 4018 protulit,
1231 3946 1266 3999 ut
1281 3955 1395 3998 novam
1412 3936 1605 4019 provinciam
1622 3935 1706 4000 Pan-

347 4033 489 4108 noniam,
518 4033 651 4096 fortasse
673 4032 769 4098 etiam
792 4034 924 4100 alteram
947 4029 1097 4101 Moesiam
1122 4039 1336 4104 constitueret.
1359 4081 1399 4088 —
1423 4041 1457 4102 ln
1480 4041 1558 4104 Asia
1580 4041 1706 4106 minore

349 4142 511 4221 Augustus
534 4134 716 4216 Bithyniam
746 4138 835 4202 auxit
863 4140 987 4205 adiecta
1009 4143 1225 4227 Paphlagonia
1247 4142 1453 4226 (hiarquardt
1468 4144 1498 4218 3,
1518 4147 1545 4219 1,
1566 4146 1645 4224 147)
1675 4153 1709 4210 et

348 4241 504 4306 Galatiam
527 4238 809 4324 Pamphyliamque
837 4245 871 4308 in
900 4247 1134 4330 provinciarum
1161 4250 1294 4312 formam
1323 4246 1457 4330 redegit,
1486 4246 1625 4330 denique
1648 4271 1708 4333 per

349 4347 383 4409 P.
401 4341 578 4428 Sulpicium
594 4339 772 4417 Quirinium
794 4345 1051 4414 Homonadenses
1073 4351 1107 4414 in
1131 4352 1274 4415 confiniis
1290 4349 1495 4436 Pamphyliae
1518 4359 1551 4414 et
1572 4351 1706 4416 Ciliciae

349 4447 481 4525 domuit,
505 4463 568 4528 qua
591 4443 630 4506 de
654 4445 852 4528 expeditione
877 4452 998 4517 dicetur
1020 4455 1054 4517 in
1076 4456 1251 4540 appendice
1274 4455 1314 4517 de
1328 4455 1421 4520 titulo
1437 4455 1573 4532 Quirinii
1588 4455 1706 4521 Tibur-

347 4553 422 4616 tino.
469 4551 667 4630 Quamquam
690 4567 767 4611 num
790 4551 847 4614 has
870 4564 978 4636 gentes
1007 4558 1072 4621 iam
1101 4564 1195 4620 antea
1215 4558 1364 4621 Romanis
1394 4559 1626 4642 quodammodo
1649 4581 1705 4644 pa-

347 4661 451 4720 rentes
474 4653 532 4716 hoc
554 4652 621 4715 lose
639 4651 803 4734 Augustus
818 4660 1001 4741 respexerit,
1025 4661 1158 4724 dubium
1173 4665 1230 4723 est.
1250 4703 1290 4710 -
1306 4661 1355 4726 De
1370 4662 1480 4746 Syriae
1495 4662 1614 4727 linibus
1631 4663 1706 4727 vide

349 4779 429 4844 quae
451 4755 589 4822 diximus
613 4754 695 4838 pta
719 4757 757 4821 de
788 4762 987 4847 expeditione
1010 4764 1155 4828 Arabica.
1187 4800 1225 4810 ——
1257 4766 1380 4830 Africae
1403 4767 1482 4831 finos
1512 4768 1603 4832 auxit
1625 4768 1704 4832 Len·
