3734 5517
1511 323 1590 393 x'vu

222 515 269 577 od
297 513 357 576 ltoc
386 530 524 575 marmor
552 531 592 573 ec
622 510 898 573 observationibus
934 512 1076 573 collectis
1110 530 1150 573 eo
1177 513 1266 574 illias
1296 516 1484 595 opopropio
1515 525 1589 578 uate

220 636 348 698 pcaeos
378 635 480 679 aanor
510 616 553 677 ud
581 617 684 695 ipsam
711 634 850 679 marmor
879 616 1042 694 descripto
1072 634 1093 677 o
1122 616 1160 680 cl.
1188 617 1308 679 medico
1333 619 1425 681 Gallo
1453 618 1589 681 Terrae-

224 722 328 801 boeuf
346 719 423 803 (sic)
453 728 485 782 et
508 719 648 783 cohibito
674 719 824 800 Smyrnae
849 719 973 799 Harpleia
997 720 1116 781 rectori
1138 739 1216 794 reu,
1247 740 1350 801 aquo
1374 724 1498 785 eosdem
1521 742 1589 783 sam

221 834 340 888 aceras
356 844 459 887 meare
473 825 648 903 Septembri
660 820 825 887 Muscam?
855 821 940 897 Quae
957 819 1080 885 collatis
1095 821 1147 896 iis,
1165 841 1246 904 quae
1263 822 1302 885 de
1317 824 1429 888 eodem
1445 824 1589 908 exemplo

221 929 324 991 refert
336 925 548 1011 spanhemius
562 924 615 1009 (de
630 945 692 988 usu
704 930 736 987 et
747 931 863 1008 praest.
876 924 1027 988 numism.
1040 924 1101 987 vol.
1111 925 1141 987 2.
1154 925 1349 993 Amstelaed.
1361 931 1443 992 1717
1457 949 1487 1011 p.
1497 930 1588 1010 362),

223 1038 360 1116 apparet
374 1031 471 1096 verba
486 1049 555 1093 esse
571 1048 634 1093 non
651 1028 846 1113 Spanhemii,
872 1028 928 1092 sed
946 1028 1127 1104 Ohishnllii,
1146 1029 1199 1111 qui
1218 1037 1389 1113 antequam
1405 1051 1589 1095 monumen-

222 1142 298 1199 tum
314 1134 429 1209 ederet,
451 1133 586 1197 Londini
603 1132 783 1216 exemplum
800 1130 953 1215 scriptum
967 1130 1265 1195 Tourneiortianum
1285 1134 1432 1198 exhibuit
1447 1135 1588 1218 Spanhe·

222 1239 292 1304 mio
309 1239 401 1321 eique
417 1236 617 1301 describendi
633 1236 702 1299 eius
727 1236 849 1319 copiam
872 1235 963 1312 feeit3
988 1255 1047 1299 nec
1071 1234 1209 1299 dubitari
1232 1243 1337 1320 petest
1359 1238 1437 1319 quin
1451 1238 1590 1302 reuma

222 1341 346 1407 boeufii
357 1341 484 1405 nomine
498 1338 937 1421 designeturTournefortiuS,
956 1344 1194 1421 quemquamst
1208 1339 1240 1401 in
1253 1340 1380 1403 nomine
1392 1349 1530 1406 erratum
1541 1349 1591 1407 est

224 1454 261 1509 et
276 1445 473 1509 Ohishullius
490 1444 548 1507 hoc
571 1442 699 1525 quidem
715 1442 782 1505 leco
807 1440 989 1524 exemplum
1005 1461 1038 1503 se
1055 1440 1213 1525 accepisse
1230 1441 1341 1505 scribit
1355 1463 1411 1527 per
1426 1444 1589 1527 Hughium

223 1571 257 1613 a.
273 1550 368 1625 1708,
400 1569 473 1612 cum
500 1548 535 1611 in
558 1546 640 1609 libro
664 1544 748 1609 edito
771 1550 877 1608 narret
899 1544 1007 1627 ipsum
1031 1543 1285 1609 Tournelortium
1315 1545 1350 1609 id
1377 1546 1441 1611 eibi
1463 1547 1589 1613 dedisse

224 1653 422 1717 a.1701.—-
445 1651 634 1735 Exemplum
659 1648 828 1713 Chishullii
854 1648 939 1733 apud
956 1648 1194 1732 Spanhemium,
1220 1649 1259 1713 de
1283 1670 1344 1733 quo
1367 1652 1445 1716 satis
1468 1662 1590 1719 certum

223 1756 383 1821 iudicium
409 1755 485 1818 ferri
508 1761 621 1839 potest,
647 1774 841 1837 quamquam
865 1752 977 1834 quiid
1005 1753 1130 1836 excepit
1153 1753 1345 1835 quibusdam
1366 1754 1444 1820 locis
1466 1757 1590 1843 primus

224 1880 342 1926 verum
366 1858 490 1922 invenit
511 1857 563 1941 (ut
578 1860 609 1934 4,
628 1859 669 1921 52
683 1858 766 1940 xxc)
789 1856 931 1938 duosque
948 1855 1033 1919 locos
1052 1856 1187 1919 maiores
1210 1858 1240 1931 2,
1253 1858 1394 1922 21-32.
1415 1860 1445 1937 5,
1459 1860 1591 1926 50-54

225 1964 352 2049 primns
376 1961 492 2025 adiecit
514 1982 533 2024 a
555 1960 714 2046 prioribus
738 1958 906 2041 neglectos,
930 1966 1038 2021 tamen
1061 1958 1153 2041 longe
1176 1959 1309 2023 inferius
1333 1967 1381 2025 est
1401 1962 1588 2029 Lucasiano.

225 2068 311 2133 Nam
333 2070 370 2130 ut
392 2066 557 2131 mittamus
581 2084 731 2127 versuum
755 2062 794 2125 ad
816 2061 956 2146 lapidem
979 2061 1145 2126 divisionis
1162 2063 1245 2147 apud
1263 2058 1490 2147 Spanhemium
1506 2077 1590 2132 certe

225 2170 401 2253 vestigium
424 2168 549 2233 nullum
572 2166 717 2251 reperiri,
749 2165 895 2248 quisquis
924 2165 958 2228 id
982 2165 1119 2250 excepit,
1150 2185 1212 2230 nen
1235 2173 1302 2231 tam
1324 2166 1464 2252 lapidem
1486 2170 1590 2235 denuo

226 2274 400 2359 descripsit
422 2293 518 2357 quam
542 2268 723 2335 emendavit
746 2268 925 2351 exemplum
944 2268 1174 2331 Caesonianum
1198 2274 1229 2331 et
1250 2268 1284 2332 id
1308 2270 1437 2353 quidem
1459 2274 1590 2355 quibus

227 2381 303 2445 dam
326 2377 406 2447 louis
430 2397 468 2440 ex
492 2374 672 2439 coniectura
694 2372 794 2454 magis
820 2391 916 2454 quam
940 2392 979 2434 ex
1003 2371 1125 2457 lapide:
1150 2372 1197 2435 ita
1211 2375 1242 2449 4,
1256 2373 1298 2437 23
1314 2394 1466 2442 mrnscrr
1482 2384 1590 2461 aperte

227 2481 395 2547 descendit
417 2501 455 2543 ex
479 2478 671 2543 cassaniam
694 2494 851 2553 arrasam,
882 2494 954 2537 cum
984 2475 1017 2538 in
1046 2475 1153 2560 lapide
1176 2476 1219 2540 sit
1240 2497 1441 2546 malassar.
1487 2481 1590 2556 Quare

225 2587 362 2652 huiusce
391 2582 529 2668 exempli
560 2580 728 2645 auctoritas
753 2580 866 2662 exigua
894 2585 958 2655 est,
989 2579 1113 2642 utilitas
1137 2580 1230 2644 hodie
1253 2582 1308 2644 vix
1330 2581 1406 2645 ulla.
1434 2620 1475 2629 -
1499 2584 1588 2648 Ghis-

226 2689 411 2754 hnllianum
440 2688 589 2761 alterum,
618 2683 653 2747 id
677 2690 725 2747 est
748 2684 787 2747 ab
811 2684 880 2768 ipso
911 2683 1048 2759 editum,
1078 2684 1254 2749 secundum
1284 2706 1321 2749 ea
1344 2705 1425 2768 quae
1449 2687 1588 2754 diximus

227 2791 404 2858 credideris
417 2792 585 2855 conflatum
597 2787 902 2852 exTournefortiano
915 2787 1031 2872 scripto
1045 2787 1202 2871 editisque
1215 2790 1365 2866 aliorum,
1376 2791 1484 2875 itaque
1496 2794 1591 2877 plane

228 2894 435 2961 abiciendum
458 2914 537 2970 esse,
562 2914 634 2959 eum
657 2897 766 2955 extent
789 2891 943 2975 exempla,
968 2910 1006 2953 ex
1028 2891 1144 2972 quibus
1160 2892 1276 2959 hausit.
1322 2895 1366 2958 At
1380 2916 1415 2958 re
1429 2897 1592 2981 explorata

228 3022 321 3065 secus
345 3018 415 3062 esse
438 2997 585 3081 comperi.
625 2996 706 3059 Nam
731 2996 875 3079 quamvis
899 2996 1050 3081 pleraque
1074 3015 1136 3078 quo
1157 3004 1283 3064 auctore
1297 2998 1332 3061 in
1348 2997 1484 3063 editione
1501 3002 1590 3065 chis-

227 3105 351 3169 hullins
374 3101 516 3187 posuerit
531 3101 623 3163 facile
638 3100 850 3181 intellegatur,
868 3106 974 3164 tamen
990 3106 1112 3185 restant
1127 3101 1284 3183 quaedam
1301 3102 1385 3185 apud
1401 3123 1483 3178 eum,
1510 3124 1590 3186 quae

227 3231 333 3294 neque
353 3209 388 3272 in
409 3207 475 3270 ulle
492 3212 640 3289 quattuor
656 3205 871 3288 exemplorum
887 3203 1063 3285 Busbequii
1079 3205 1222 3267 Cossonii
1239 3206 1341 3268 Lucae
1357 3205 1591 3290 Spanhemiano

228 3314 366 3378 redeunt
380 3332 439 3375 nec
454 3318 537 3374 recte
554 3309 751 3373 coniecturae
767 3307 1022 3389 neglegentiaeve
1038 3307 1137 3372 tribui
1152 3314 1294 3393 possunt.
1324 3309 1394 3373 Non
1410 3309 1479 3374 dico
1495 3311 1589 3390 locos,

228 3418 342 3503 quales
360 3420 435 3479 sunt
453 3417 480 3491 1,
498 3416 550 3491 23,
574 3414 631 3477 ubi
654 3432 794 3481 anasum
819 3411 1017 3498 Chishnllius
1040 3412 1140 3475 edidit
1161 3418 1254 3490 recte,
1285 3433 1357 3477 cum
1375 3399 1591 3498 'spanhemius

226 3523 348 3587 habeat
370 3538 502 3587 Pnnsnu
525 3518 652 3581 omnino
675 3537 714 3579 ex
737 3535 839 3579 errore
862 3515 945 3577 inter
967 3514 1211 3580 describendum
1233 3517 1411 3595 commisso,
1436 3524 1468 3582 et
1489 3520 1589 3596 3,15.

228 3628 332 3705 4,17,
362 3622 419 3687 ubi
448 3642 540 3685 verae
564 3620 735 3686 Ohishullii
764 3617 913 3683 lectiones
942 3638 1150 3687 consur-xm
1178 3627 1210 3684 et
1231 3641 1373 3689 nvo-nr
1397 3624 1493 3687 etiam
1520 3643 1592 3687 con-

228 3733 355 3794 iectura
380 3726 514 3811 reperiri
542 3732 722 3810 potuerunt.
775 3725 817 3785 At
839 3723 1031 3807 principium
1058 3706 1186 3787 tabulae
1213 3731 1319 3788 sextae
1342 3744 1414 3788 cum
1436 3726 1483 3790 ite
1505 3727 1593 3792 exhi-

229 3836 346 3900 beatur
373 3830 458 3916 apud
482 3830 710 3893 Chishullium:

943 4022 1062 4075 RTAXA

681 4117 899 4169 ΕΤ·ΤΙΜ...
966 4118 1017 4169 VM

835 4212 910 4263 PAR
942 4211 1065 4263 EORVM

772 4306 834 4357 IN·
848 4306 937 4357 ITAL
956 4304 1105 4357 AM·NON

725 4402 903 4453 SVORVM·
942 4399 1076 4453 IGNORA

795 4494 1110 4547 ercammarum

229 4684 272 4729 ea
301 4684 381 4745 quae
411 4670 486 4729 sunt
514 4669 586 4727 ante
616 4661 766 4725 lineolam
795 4660 929 4725 cursivis
960 4658 1075 4723 litteris
1104 4678 1253 4742 expressa
1276 4682 1333 4723 nec
1356 4660 1593 4724 Tourneiortius

232 4768 492 4852 Spanhemianus
521 4768 617 4832 habet
644 4786 702 4829 nec
730 4766 845 4841 Lucas3
883 4764 1018 4846 denique
1046 4784 1086 4827 ne
1115 4763 1323 4828 recentiorum
1352 4764 1481 4847 quidem
1509 4763 1594 4843 quis-

1374 4890 1393 4935 n
