3734 5517
696 1059 937 1136 ADDENDA
963 1063 1024 1136 ET
1051 1057 1384 1150 EMENDANM
1497 1115 1510 1123 ,

356 1434 384 1497 p.
399 1431 474 1474 xcvo
497 1411 532 1474 in
555 1418 630 1474 nota
653 1410 692 1473 ad
717 1431 744 1472 v.
758 1411 801 1474 40
825 1431 883 1473 ser.
906 1417 1025 1474 inultm
1051 1431 1107 1496 pro
1126 1399 1276 1474 rrurTvrr.

355 1585 384 1647 p.
398 1581 466 1628 xum
497 1563 530 1626 in
554 1561 680 1626 Graecis
704 1583 734 1645 p.
752 1565 801 1639 11,
819 1564 838 1626 5
863 1563 997 1630 emenda
1019 1585 1210 1628 ammuror.

355 1734 385 1798 p.
398 1732 436 1777 mr
460 1713 539 1777 aas
574 1713 656 1777 iuter
678 1731 722 1775 ur.
752 1721 783 1778 et
812 1735 929 1790 Qrsrrr
954 1712 1174 1778 desiderantur
1204 1713 1361 1776 elementa
1388 1708 1513 1775 circiter
1546 1712 1603 1788 11,
1628 1711 1703 1775 uto

443 1809 529 1880 inte'r'
549 1839 608 1880 vrcr
633 1824 664 1880 et
686 1838 837 1882 corucem
860 1819 1017 1882 elementa
1040 1839 1067 1881 c.
1078 1820 1127 1881 10.

356 1990 385 2052 p.
401 1986 448 2032 exr
471 1966 504 2029 in
529 1966 786 2048 Graecis16,13
810 1968 945 2032 emenda
967 1988 1117 2032 serrone.

355 2119 419 2202 p.3
443 2121 531 2183 ΜΟ.
568 2116 719 2204 Καίσαρος
742 2119 775 2182 in
798 2118 903 2184 indice
920 2121 1037 2183 Craeoo
1058 2138 1120 2183 non
1139 2117 1238 2199 magis
1254 2116 1351 2181 luisse
1372 2137 1467 2199 quam
1489 2122 1538 2180 est
1552 2116 1587 2180 in
1604 2117 1703 2180 Latino
1766 2118 1767 2121 ’

443 2223 583 2288 constitit
605 2222 684 2286 mihi
708 2223 809 2308 spatio
834 2223 1011 2288 accuratius
1035 2222 1187 2287 dimenso.

356 2389 385 2451 p.
402 2369 442 2431 10
466 2369 556 2432 uto.
583 2353 662 2430 ¹Non
685 2367 894 2432 omittendum
916 2367 978 2431 fuit
992 2366 1186 2467 triumphum
1205 2367 1303 2431 atta
1321 2364 1372 2427 vel
1392 2363 1529 2428 maxime
1551 2363 1701 2429 decretum

412 2543 414 2548 ,
442 2493 511 2535 esse
534 2481 660 2556 propter
684 2470 822 2535 devictos
847 2471 1031 2547 Cantabros,
1058 2491 1136 2554 quos
1159 2490 1222 2534 non
1245 2468 1384 2533 excludit
1407 2468 1465 2532 Dio
1483 2469 1534 2542 53,
1553 2470 1608 2545 26,
1632 2470 1701 2533 solos

443 2576 532 2659 ponit
555 2574 666 2639 Florus
690 2576 720 2652 2,
742 2576 800 2638 33:
826 2577 924 2657 diona
948 2596 1001 2641 ros
1025 2579 1129 2650 locro,
1160 2577 1259 2656 dipno
1281 2594 1377 2636 curro
1399 2577 1525 2636 senatui
1548 2577 1623 2637 oica
1644 2583 1701 2643 ost·

388 2721 391 2727 -
443 2683 501 2743 sod
523 2683 587 2745 tom
610 2689 716 2746 tantors
740 2691 812 2745 erac
836 2682 969 2757 Caesar,
993 2690 1028 2746 ct
1046 2683 1207 2766 ⁴triumpho
1231 2681 1343 2760 creperi
1367 2687 1585 2742 contemneret.
1765 2670 1766 2681 ³

355 2853 386 2915 p.
402 2834 442 2894 14
465 2831 522 2894 ut
546 2849 602 2914 pro
627 2832 660 2892 P.
685 2830 730 2915 et]
753 2831 834 2913 lege:
863 2831 907 2916 R]
930 2840 962 2894 et

267 2993 270 2998 '
355 3004 387 3065 p.
399 2982 450 3044 30
485 2981 612 3044 Praeter
635 2989 770 3045 tesseras
793 2981 888 3046 huius
913 2981 986 3046 armi
1011 3003 1083 3046 cum
1106 2981 1231 3044 nomine
1255 2980 1350 3043 unius
1373 2979 1511 3045 consulis
1537 2980 1696 3055 Saturnini,

370 3159 372 3166 ¹
442 3085 575 3172 scriptas
598 3082 630 3152 lr.
645 3088 721 3170 Apr.
740 3086 788 3169 (C.
803 3087 827 3149 Ι.
841 3085 874 3152 L.
898 3087 911 3149 l
936 3085 1055 3168 11742)
1080 3091 1111 3148 ot
1134 3105 1241 3150 mense
1264 3085 1354 3148 lunio
1378 3083 1415 3168 (l.
1433 3105 1459 3146 c.
1475 3085 1603 3165 noso),
1627 3093 1696 3149 extat
1758 3102 1760 3175 {

441 3191 553 3254 titulus
570 3190 781 3255 Cordubensis
805 3189 1088 3273 (Monotsberiobte
1104 3191 1160 3254 der
1175 3191 1319 3280 Berlinor
1334 3190 1503 3253 Aladomie
1522 3191 1606 3255 1861
1629 3189 1696 3274 poc
1757 3214 1758 3219 ¹

441 3292 838 3378 =0.1.L.11n.2255)
863 3316 935 3358 cum
959 3294 1022 3357 diei
1052 3293 1244 3358 indicatione
1275 3295 1320 3358 sic
1343 3299 1507 3378 concepta:
1543 3297 1577 3358 C.
1603 3298 1695 3358 Seruio

442 3401 510 3462 Sat.
535 3420 599 3463 cos.
624 3403 651 3462 lo.
670 3401 814 3464 Sextilio.
857 3399 995 3462 Nuntius
1018 3398 1115 3480 igitur
1137 3399 1175 3462 do
1200 3405 1302 3462 creato
1326 3399 1423 3462 altero
1447 3400 1578 3462 consule
1602 3401 1635 3475 Q.
1647 3399 1695 3462 Lu·

441 3503 536 3566 cretio
560 3503 738 3567 Cordubam
760 3503 903 3587 pervenit
926 3501 1054 3566 demum
1076 3510 1148 3587 post
1171 3501 1200 3567 k.
1224 3504 1394 3584 Augustas.

353 3655 450 3738 p.3b.
497 3654 583 3729 Quae
606 3651 674 3716 dixi
698 3652 736 3714 de
759 3653 872 3716 seriris
895 3675 967 3717 oum
991 3674 1028 3718 eo
1052 3653 1193 3718 maximo.
1212 3653 1367 3729 nitantur,
1396 3653 1481 3736 quod
1503 3655 1620 3720 turmis
1641 3655 1690 3718 sio-

400 3797 402 3805 ·
441 3757 610 3840 galiotum
635 3755 827 3822 militaribus
856 3777 952 3839 quam
975 3757 1124 3821 civilibus
1149 3756 1188 3820 ad
1212 3757 1399 3822 militarium
1421 3758 1607 3843 exemplum
1628 3759 1691 3826 ordi·

441 3860 535 3935 natis,
558 3860 609 3925 vel
632 3861 737 3945 potius
760 3859 909 3924 civilibus
932 3861 1025 3924 lactis
1046 3881 1086 3923 ex
1109 3860 1311 3935 militaribus,
1334 3859 1478 3927 homiues
1505 3867 1695 3947 praefuerunt

385 3986 390 3998 “
441 3965 524 4041 seni,
560 3986 624 4030 non
649 3964 896 4050 praetereundae
930 3966 1058 4030 fuerunt
1089 3965 1219 4047 Vergilii
1251 3972 1359 4049 poetae
1387 3967 1487 4048 (Aen.
1502 3969 1539 4043 5,
1558 3971 1692 4051 545sq.).

439 4077 561 4139 turmae
584 4076 648 4134 tres
663 4070 790 4134 Troiam
812 4068 960 4134 ludentes
983 4089 1151 4153 puerorum
1174 4069 1389 4134 duodenorum
1413 4070 1473 4134 sub
1490 4071 1627 4154 singulis
1640 4093 1693 4136 ma·

412 4207 413 4210 ¹
438 4173 555 4255 gistris.
602 4172 669 4235 'Sed
697 4173 833 4238 lusoriae
864 4173 1021 4239 eiusmodi
1052 4184 1176 4238 turmae
1197 4181 1283 4237 recte
1314 4173 1457 4239 dicontur
1487 4175 1555 4240 solo
1583 4177 1694 4242 nomine

440 4299 530 4341 veros
558 4277 732 4355 rettulisse,
763 4299 835 4342 cum
857 4279 1045 4362 praesertim
1073 4278 1142 4342 ludi
1165 4277 1214 4341 illi
1236 4299 1281 4348 ne,
1308 4279 1418 4343 eadem
1449 4280 1581 4363 quidem
1607 4283 1693 4346 forma

442 4402 564 4465 semper
588 4380 754 4446 ederentur
775 4387 962 4466 turmaeque
985 4383 1017 4446 in
1042 4381 1107 4446 illis
1131 4381 1333 4447 decurrerent
1355 4383 1446 4446 modo
1469 4391 1535 4448 tres
1559 4387 1619 4451 sub
1640 4405 1692 4450 ma·

439 4485 546 4568 gistris
560 4485 672 4561 tribus,
696 4491 776 4548 teste
787 4485 936 4568 Vergilio,
960 4485 1052 4550 modo
1070 4485 1150 4550 duae
1167 4486 1226 4550 sub
1242 4487 1401 4568 magistris
1418 4486 1543 4553 duobus
1560 4489 1689 4571 (Sueten.

440 4591 527 4653 Caes.
542 4589 600 4652 39:
629 4590 754 4653 Troiam
770 4591 846 4652 lusit
870 4599 971 4652 tornac
994 4591 1111 4671 duplex
1132 4591 1285 4653 maiorum
1300 4595 1512 4674 minoremque
1524 4613 1690 4674 puerorum

439 4693 527 4758 Ideni
555 4696 636 4776 Aug.
648 4694 706 4772 433
743 4692 814 4758 Tib.
835 4694 872 4771 63
906 4693 991 4758 Plut.
1008 4693 1075 4760 Cet.
1091 4692 1168 4757 min.
1186 4692 1233 4777 3).
1271 4695 1416 4760 Ceterum
1442 4717 1482 4760 ne
1510 4699 1585 4780 quis
1615 4705 1691 4769 erret

437 4799 495 4864 hoc
518 4799 631 4864 adnoto
654 4798 767 4864 Troiae
789 4798 896 4865 lusum
919 4797 1074 4882 ludosque
1091 4797 1242 4863 sevirales
1258 4799 1352 4885 plane
1369 4798 1509 4866 diversos
1527 4824 1609 4881 esse,
1632 4821 1691 4866 oum
