3734 5517
642 335 795 393 TITVLVS
815 337 1031 393 TIBVRTINVS
1426 344 1512 406 ’115

159 510 255 592 magis
277 509 465 574 crediderim
487 516 559 594 post
580 530 608 574 a.
622 512 684 576 741
711 531 807 595 qnam
830 516 902 576 ants
926 532 955 575 6.
968 513 1032 576 731
1057 513 1261 579 seiunctum
1283 535 1363 580 esse.
1401 515 1511 600 Neque
1624 534 1626 538 ’

160 620 242 677 66166
265 614 378 690 obstat,
402 634 478 678 nam
500 619 594 678 natus
618 620 667 678 661
690 635 717 678 6.
735 635 767 682 u.
784 637 811 682 c.
828 615 903 680 689.

244 733 273 800 3.
308 733 350 800 M.
374 733 506 797 Titius
530 735 684 810 666723,
709 735 792 798 61166
811 739 947 819 tempus,
972 736 1035 817 quo
1050 735 1190 800 Herodes
1209 737 1340 802 tertium
1353 740 1511 823 profectus
1557 806 1562 816 ,

160 845 206 901 661
227 837 367 913 Romam,
390 836 475 902 inter
495 840 663 915 66742,
693 859 755 922 quo
778 839 952 902 secundum
976 859 1012 902 eo
1034 839 1104 916 ivit,
1129 846 1161 904 ct
1180 861 1213 904 u.
1231 861 1257 904 6.
1275 842 1349 920 750,
1374 863 1436 927 quo
1460 845 1512 908 de·

158 941 258 1018 cessit,
282 941 404 1023 legatus
429 939 538 1024 Syriae
562 942 643 1006 6116
667 941 806 1026 quidem,
837 942 889 1006 cui
911 941 1064 1006 Phraates
1086 942 1204 1008 liberos
1225 945 1358 1010 tradidit
1378 947 1513 1013 Romam

159 1045 197 1108 ad
212 1046 390 1128 Augustum
404 1044 575 1110 mittendos
591 1045 699 1129 paullo
715 1050 787 1130 post
803 1067 830 1112 a.
846 1066 878 1109 u.
895 1067 922 1109 c.
937 1047 1001 1110 745
1018 1046 1156 1131 (loseph.
1171 1049 1222 1125 16,
1240 1049 1270 1125 8,
1288 1050 1322 1129 6;
1347 1049 1511 1128 81161116,

161 1151 188 1224 1,
206 1149 247 1213 28
269 1168 299 1232 p.
314 1149 378 1212 748
402 1147 500 1231 Ces).
546 1147 621 1211 Dixi
644 1148 683 1212 de
707 1169 742 1213 eo
766 1167 863 1233 supra
885 1148 927 1212 ed
949 1168 1033 1215 mon.
1057 1150 1136 1213 Anc.
1161 1151 1191 1226 6,
1209 1151 1239 1214 3.

243 1271 272 1332 4.
309 1269 342 1331 0.
360 1267 524 1332 Sentius
542 1265 786 1331 Saturninus
810 1287 873 1333 cos.
891 1260 965 1344 735,
989 1267 1111 1350 legatus
1135 1267 1245 1351 Syriae
1268 1275 1512 1340 6666746

157 1371 292 1456 (loseph.
310 1375 374 1438 ant.
393 1373 487 1448 16,9,
504 1374 531 1433 1.
559 1371 609 1447 16,
625 1371 675 1446 10,
690 1371 719 1434 8.
747 1371 797 1444 16,
813 1371 863 1444 11,
877 1370 907 1434 3.
934 1372 984 1446 17,
1002 1373 1029 1447 l,
1046 1373 1073 1434 1.
1101 1373 1151 1447 17,
1165 1372 1195 1446 2,
1210 1374 1239 1435 1.
1266 1375 1316 1449 17,
1331 1373 1361 1450 3,
1376 1375 1410 1454 2;
1435 1376 1510 1440 bell.

156 1474 458 1552 160.1,27,1-3.
505 1473 721 1537 Tertullianus
745 1472 816 1539 adv.
839 1472 1032 1536 Marcionem
1054 1474 1171 1557 4,19).

243 1595 273 1658 5.
309 1593 343 1678 Ρ.
369 1593 617 1672 Quinctilius
633 1593 761 1657 Varus
792 1613 854 1658 666.
873 1593 946 1669 741,
972 1593 1093 1676 legatus
1116 1590 1225 1676 Syriae
1239 1615 1272 1657 u.
1288 1616 1315 1658 c.
1329 1597 1513 1663 748-750

154 1699 288 1764 16611166
311 1719 384 1762 6616
406 1697 545 1761 66611616
569 1696 849 1780 (1161111613,275;
880 1695 1033 1780 Borghesi
1048 1716 1119 1781 opp.
1137 1697 1171 1772 2,
1189 1697 1269 1782 310)
1291 1705 1360 1762 1661
1380 1701 1513 1786 losepho

156 1804 296 1888 (66117,
310 1803 340 1878 5,
355 1801 443 1883 2661
461 1799 535 1864 1611.
545 1799 614 1863 lud.
630 1802 658 1876 1,
672 1801 724 1876 21,
739 1801 758 1863 5
772 1805 845 1882 sq.).
862 1799 1018 1863 Maturius
1034 1799 1127 1863 solito
1143 1799 1182 1863 ad
1198 1800 1388 1884 legationem
1404 1803 1513 1887 Syriae

155 1905 306 1992 pervenit,
331 1904 486 1986 gratiosus
509 1909 636 1988 propter
659 1903 845 1968 affinitatem
869 1922 951 1987 quae
976 1903 1005 1965 ei
1028 1907 1096 1965 erat
1118 1924 1190 1966 eum
1206 1903 1298 1969 domo
1312 1899 1515 1990 imperatoria

156 2011 243 2096 (Tac
261 2030 334 2073 ann.
351 2009 381 2071 4.
400 2009 452 2072 52.
471 2009 523 2072 66.
550 2007 701 2090 Borghesi
718 2027 789 2091 opp.
809 2010 836 2084 l,
855 2007 930 2070 311.
948 2007 1038 2086 417).

241 2131 271 2194 6.
308 2173 536 2192 ...........
561 2125 683 2209 legatus
708 2123 818 2210 Syriae
842 2145 869 2188 6.
887 2124 962 2192 751.
980 2124 1054 2188 752.

243 2259 273 2320 7.
308 2255 342 2319 O.
359 2255 504 2320 Caesar
527 2274 599 2318 cum
622 2251 869 2316 extraordinario
891 2250 1026 2335 imperio
1040 2250 1075 2316 in
1091 2250 1251 2316 Orientem
1265 2253 1383 2320 missus
1405 2277 1434 2319 6.
1449 2259 1512 2322 753

153 2361 199 2426 ibi
226 2357 402 2446 permansit
429 2378 485 2442 per
515 2355 774 2440 quadriennium,
810 2355 909 2419 donec
938 2354 1122 2419 vulneratus
1153 2376 1181 2422 a.
1198 2358 1262 2420 756
1284 2346 1432 2440 Artagira
1460 2362 1514 2424 ob-

153 2465 261 2530 sidens
285 2461 459 2526 exercitum
481 2460 675 2543 relinqueret
698 2465 729 2523 et
758 2459 791 2522 in
818 2458 923 2522 reditu
946 2478 973 2520 6.
992 2458 1056 2522 757
1079 2458 1170 2522 Febr.
1188 2460 1228 2523 21
1253 2461 1287 2524 16
1310 2461 1408 2545 Lycia
1430 2462 1515 2530 diem

153 2568 266 2632 obiret.
312 2565 430 2632 Missus
453 2564 514 2630 fuit
537 2584 610 2628 cum
638 2568 793 2647 potestate
823 2561 1041 2646 proconsulari
1064 2561 1224 2644 (Zonaras
1242 2565 1293 2640 10,
1310 2565 1369 2629 36:
1392 2567 1446 2649 τὴν
1469 2568 1514 2638 ἐξ·

151 2672 256 2736 ουσίαν
281 2669 363 2754 αὐτῷ
386 2656 438 2752 ἑὴν
462 2667 629 2731 ἀνθύπατον
653 2665 787 2745 ἔδωκεν)
810 2667 855 2730 611
877 2667 1076 2730 ordiuuudcc
1092 2668 1230 2748 Aegypti
1246 2669 1420 2750 Syriaeque
1435 2693 1515 2752 pro·

150 2780 288 2851 6166161,
312 2780 350 2838 61
372 2772 417 2836 611
432 2770 561 2836 Orosius
578 2772 624 2852 (7,
641 2771 688 2853 3),
714 2771 837 2834 Orienti
854 2772 1077 2850 praepositus,
1101 2774 1138 2833 ut
1158 2775 1208 2833 661
1228 2770 1313 2856 apud
1329 2771 1515 2840 Suetonium

151 2881 246 2960 (Tib.
263 2878 339 2960 12);
372 2897 468 2960 quam
491 2874 530 2938 ob
554 2895 622 2940 rem
645 2887 840 2957 quamquam
862 2871 1005 2958 Agrippa
1027 2879 1059 2936 ct
1079 2872 1207 2937 Tiberio
1236 2894 1272 2938 co
1294 2875 1424 2943 inferior
1442 2877 1514 2955 fuit,

151 2981 237 3067 quod
254 2986 410 3066 potestate
431 2978 604 3043 tribunicia
619 2977 720 3042 caruit
742 2976 841 3058 (unde
858 2997 877 3040 6
891 2976 1013 3040 Velleio
1030 2977 1060 3053 2,
1079 2979 1139 3042 101
1159 2977 1256 3044 Gaius
1271 2978 1388 3044 dicitur
1406 3000 1515 3046 661666

148 3089 286 3152 11666166
310 3083 461 3148 habuisse
483 3081 611 3146 Tiberio
633 3091 668 3144 ut
690 3084 866 3162 superiori,
899 3080 1021 3146 seilicet
1044 3099 1080 3144 eo
1107 3087 1258 3166 tempore,
1290 3101 1362 3145 vere
1392 3103 1420 3146 6.
1439 3084 1513 3161 753,

149 3191 321 3256 etiamtum
343 3185 465 3254 munito
494 3183 666 3249 tribunicia
694 3187 884 3268 potestate),
913 3190 1021 3248 161666
1050 3184 1117 3249 6616
1140 3182 1291 3268 auspiciis
1319 3205 1388 3251 rem
1407 3187 1515 3268 gessit.

149 3295 217 3360 Nec
248 3314 304 3378 per
331 3291 405 3356 illos
435 3308 533 3354 annos
558 3287 682 3371 Syriam
706 3286 869 3372 proprium
893 3286 1031 3368 Augusti
1059 3287 1199 3369 legatum
1225 3287 1378 3352 habuisse
1407 3290 1516 3354 confir·

147 3403 261 3462 matur
283 3395 410 3460 silentio
433 3397 597 3458 auctorum
619 3409 891 3472 nummorumque.

245 3541 275 3604 8.
309 3538 344 3602 L.
361 3535 549 3600 Volusius
579 3533 819 3597 Saturninus
849 3552 911 3596 ces.
937 3534 1017 3609 742,
1047 3533 1170 3615 legatus
1194 3531 1304 3617 Syriae
1333 3555 1364 3598 6.
1390 3558 1417 3599 6.
1440 3536 1514 3601 757.

147 3645 218 3708 758
244 3639 380 3728 (11611161
403 3639 433 3715 3,
451 3639 542 3724 275).

244 3781 276 3842 9.
312 3777 347 3842 Ρ.
374 3773 579 3860 Sulpicius
610 3772 819 3850 Quirinius
856 3792 918 3836 cos.
944 3772 1022 3847 742,
1060 3772 1182 3853 legatus
1212 3770 1322 3854 Syriae
1352 3794 1384 3837 6.
1401 3795 1427 3837 6.
1451 3777 1515 3840 759

146 3881 303 3966 (loseph.
325 3881 375 3956 17,
394 3879 445 3955 13,
462 3880 493 3943 5.
520 3879 617 3955 18,1,
638 3879 665 3939 l.
692 3877 742 3952 18,
761 3877 790 3952 2,
811 3877 855 3960 1).

219 4035 274 4098 10.
311 4033 346 4110 Q.
372 4030 578 4096 Caecilius
603 4026 789 4094 Metellus
814 4027 992 4091 Oreticus
1016 4026 1182 4090 Silanus
1205 4045 1267 4089 cos.
1290 4027 1371 4102 760,
1394 4026 1516 4108 legatus

147 4137 268 4221 Syriae
292 4137 332 4202 ab
357 4156 384 4199 a.
410 4143 492 4199 66116
510 4130 612 4213 76314
636 4132 676 4196 ad
697 4152 724 4194 6.
743 4133 806 4194 770
830 4129 964 4214 (Eckhel
979 4131 1010 4204 3,
1026 4131 1091 4194 276
1114 4129 1228 4194 6611616
1250 4148 1381 4195 6616616
1403 4129 1517 4193 aSan-

145 4241 323 4306 clementio
345 4261 376 4325 p.
391 4240 454 4304 348
479 4237 574 4302 611616
599 4237 674 4302 6661
692 4249 763 4311 ΑΜ;
786 4235 915 4300 Tacitus
931 4254 1005 4297 666.
1022 4234 1052 4310 2,
1069 4235 1101 4297 4.
1116 4235 1175 4313 43;
1205 4233 1329 4319 loseph.
1349 4235 1399 4310 18,
1416 4235 1445 4309 2,
1463 4233 1515 4318 4).

144 4345 261 4410 Etiam
279 4345 407 4410 Silanus
431 4341 524 4406 solito
548 4341 681 4405 celerius
705 4339 895 4423 legationem
918 4337 1028 4421 Syriae
1047 4337 1245 4422 adeptusest
1266 4345 1298 4403 61
1320 4335 1519 4400 consulatum

145 4467 284 4532 queque
306 4448 340 4512 16
363 4447 522 4530 integrum
544 4465 663 4510 annum
686 4444 803 4522 166611;
828 4441 950 4506 66111661
965 4462 1021 4526 per
1040 4441 1098 4504 hos
1113 4461 1213 4505 66666
1229 4441 1398 4506 admodum
1412 4441 1519 4504 iloruit

145 4559 266 4638 utpote
291 4571 377 4617 socer
406 4553 532 4616 iuturus
556 4548 689 4614 Neronis
714 4545 892 4612 Germanici
920 4546 942 4609 f.
967 4545 1153 4628 aliquando,
1184 4552 1220 4609 ut
1246 4551 1314 4609 tum
1338 4543 1516 4621 credebant,

145 4655 356 4742 imperaturi.
394 4655 485 4720 Dixit
501 4653 539 4718 de
555 4673 591 4718 eo
607 4653 798 4736 Borghesius
814 4671 886 4714 666.
906 4650 990 4714 1849
1006 4670 1037 4734 p.
1048 4649 1088 4712 51
1102 4669 1150 4732 sq.
1189 4649 1251 4714 Our
1273 4669 1329 4733 per
1350 4653 1398 4711 tot
1420 4666 1518 4710 annos

147 4761 354 4840 provinciam
376 4759 557 4834 retinuerit,
589 4757 760 4822 Suetonius
784 4755 940 4840 explicat,
969 4772 1040 4817 cum
1063 4752 1175 4817 scribit
1195 4755 1295 4835 (Aug.
1307 4753 1370 4836 23)
1392 4757 1519 4836 propter

1276 4874 1311 4928 81
