3734 5517
647 377 800 432 TlTVLVS
820 377 1037 432 TIBVRTINVS
1148 368 1159 376 ’
1464 378 1524 440 121

252 552 310 616 ΙΙΙ.
347 551 527 628 Quirinium
550 551 660 636 Syriae
682 551 858 636 praefuisse
881 571 910 616 a.
927 553 991 615 759
1015 555 1047 615 51
1070 550 1219 636 deinceps
1242 558 1426 616 constater
1448 552 1526 616 locis

164 656 293 741 losephi
315 675 413 739 supra
435 655 557 736 allatis3
592 655 767 721 videndum
791 662 914 734 autem,
943 677 1021 721 num
1045 655 1176 720 alterius
1207 677 1332 740 quoque
1361 657 1527 740 legationis

165 760 276 842 aliqua
290 760 444 824 memoria
461 760 607 845 supersit.
639 761 685 824 Ea
701 760 844 844 quaestio
860 781 932 824 cum
947 760 1107 844 tripertita
1121 761 1173 838 sit,
1192 760 1231 825 de
1246 760 1350 826 tribus
1366 761 1526 847 capitibus

164 864 276 929 ordine
299 863 452 928 dicemus.

279 969 308 1030 1.
344 965 447 1053 Supra
468 965 525 1030 ubi
548 966 670 1048 egimus
694 965 732 1030 de
755 966 850 1030 rebus
874 986 893 1028 a
915 965 1063 1044 Quirinio
1085 966 1181 1048 gestis
1205 965 1356 1031 adversus
1371 968 1527 1032 Homona

164 1073 291 1148 denses,
315 1071 390 1136 huie
413 1071 481 1136 loco
497 1071 728 1135 reservavimus
745 1070 973 1154 quaestionem,
999 1091 1171 1153 quamnam
1186 1071 1383 1156 provinciam
1398 1092 1433 1136 eo
1448 1078 1526 1136 tem-

164 1195 242 1260 pore
264 1174 448 1239 obtinuerit.
499 1174 540 1238 Et
568 1179 672 1258 potest
700 1173 830 1256 quidem
859 1173 991 1256 cogitari
1019 1180 1148 1259 propter
1171 1175 1367 1240 vicinitatem
1395 1175 1434 1239 de
1457 1196 1526 1260 pro-

164 1279 280 1344 vinciis
296 1277 375 1344 Asia
389 1277 579 1362 Pamphylia
594 1277 719 1340 Calatia
735 1276 846 1340 Cilicia
863 1276 965 1360 Syria.
1009 1279 1054 1341 At
1077 1297 1115 1340 ex
1138 1278 1189 1342 his
1205 1279 1345 1362 primum
1361 1279 1528 1343 eximenda

167 1383 247 1447 Asia
263 1381 350 1448 omni
372 1387 513 1466 tempore
536 1380 679 1444 inermis.
714 1366 904 1463 Pamphylia
927 1386 959 1444 et
974 1380 1099 1444 Calatia
1122 1401 1316 1464 quamquam
1337 1389 1465 1466 propter
1487 1383 1528 1446 si-

167 1493 237 1552 tum
252 1485 396 1551 omniurn
418 1485 555 1549 maxime
579 1489 773 1568 opportunae
790 1487 879 1562 (nam
898 1483 1157 1547 Homonadenses
1173 1485 1301 1548 fuerunt
1315 1485 1397 1549 inter
1409 1491 1527 1549 utram-

168 1611 229 1673 que
253 1588 376 1669 medii)‚
399 1593 506 1654 tamen
529 1595 561 1651 et
581 1587 670 1671 ipsae
693 1586 829 1650 inermes
852 1587 981 1650 fuerunt
1005 1592 1036 1650 et
1057 1592 1221 1671 praeterea
1240 1569 1424 1672 praetoriae,
1454 1610 1527 1652 cum

167 1691 332 1769 Quirinius
357 1691 476 1757 bellum
505 1690 639 1774 gesserit
667 1695 747 1755 teste
771 1689 880 1754 Tacito
910 1689 1096 1753 consularis.
1141 1690 1232 1755 Idem
1260 1692 1365 1755 obstat
1387 1692 1526 1769 Ciliciae,

166 1803 203 1861 ut
231 1817 269 1860 ea
298 1796 461 1880 provincia
492 1815 528 1860 eo
557 1801 697 1878 tempore
726 1793 823 1857 fucrit
849 1814 969 1875 neque,
1000 1801 1038 1858 ut
1063 1815 1137 1859 mox
1165 1795 1385 1879 probabimus,
1418 1795 1527 1879 Syriae

166 1899 349 1985 provinciae
376 1919 460 1984 pare.
510 1900 561 1963 Ita
589 1897 768 1963 delabimur
806 1895 846 1960 ad
877 1895 1003 1979 Syriam
1031 1897 1228 1982 provinciam
1254 1904 1286 1963 51
1315 1905 1467 1963 armatam
1496 1905 1529 1963 et

168 2003 369 2068 consularem
401 2008 433 2067 et
467 2003 550 2067 inter
585 2007 721 2066 armatas
750 1999 995 2082 consularesque
1030 2001 1172 2065 omnium
1206 2003 1343 2065 maxime
1378 2003 1527 2068 vicinam.

167 2108 211 2172 Eo
233 2106 338 2189 magis
361 2110 467 2170 autem
488 2105 594 2172 vicina
615 2106 659 2182 fit,
690 2104 720 2169 si
743 2103 871 2188 quidem
895 2125 967 2167 cum
990 2103 1140 2187 Syriaco
1162 2112 1302 2190 tempore
1323 2107 1436 2171 Cilicia
1456 2128 1528 2172 con-

167 2212 277 2275 iuncta
292 2211 367 2290 suit3
391 2214 423 2273 et
444 2209 570 2273 videtur
591 2208 699 2273 fuisse.
735 2206 817 2271 Nam
839 2211 963 2270 constat
976 2208 1019 2271 M.
1036 2209 1210 2272 Antonium
1225 2209 1389 2292 antiquam
1403 2212 1528 2295 provin·

168 2316 251 2379 ciam
275 2313 420 2378 Ciliciam
443 2313 612 2378 sustulisse
636 2312 680 2396 (v.
706 2331 802 2396 supra
825 2310 964 2374 admon.
980 2313 1060 2377 Aac.
1078 2314 1107 2388 5,
1126 2312 1203 2397 31),
1218 2332 1282 2377 non
1304 2312 1382 2377 satis
1406 2319 1529 2379 constat

166 2421 351 2501 Augustum
374 2437 445 2481 eam
459 2417 647 2493 restituisse,
671 2437 743 2480 cum
758 2414 947 2499 praesertim
963 2415 1109 2480 Ciliciam
1125 2437 1269 2500 asperam
1284 2424 1356 2501 post
1370 2420 1528 2501 Amyntae

167 2528 312 2598 mortem,
337 2521 389 2584 cui
411 2541 482 2586 eam
504 2519 662 2584 Antonius
686 2518 824 2596 dederat,
850 2517 1031 2583 adiunxerit
1047 2519 1263 2603 Cappadociae
1288 2520 1408 2604 (Strab.
1429 2522 1479 2598 14,
1496 2524 1526 2598 5,

169 2629 187 2690 6
208 2648 242 2710 p.
257 2627 338 2705 6713
363 2624 423 2688 Dic
435 2626 488 2701 54,
501 2625 549 2708 9),
574 2625 676 2708 Cypro
690 2643 764 2688 vero
780 2622 924 2707 propriae
940 2623 1120 2706 provinciae
1135 2624 1269 2688 formam
1285 2624 1407 2689 dederit
1423 2625 1476 2706 (cf.
1493 2624 1529 2689 in

167 2731 353 2794 universum
374 2729 560 2811 Marquardt
580 2729 616 2805 3,
644 2730 677 2804 1,
703 2728 796 2810 168).
820 2763 862 2774 -—
886 2726 1008 2791 Deinde
1037 2727 1071 2790 in
1100 2727 1172 2811 ipsa
1192 2728 1295 2791 Taciti
1324 2729 1363 2792 de
1393 2729 1529 2806 Quirinii

168 2835 264 2898 rebus
287 2833 385 2916 gestis
403 2833 581 2897 narratione
596 2832 707 2896 insunt
726 2832 859 2895 fortasse
878 2831 1012 2914 vestigia
1028 2831 1184 2914 quaedam
1200 2832 1328 2896 Ciliciae
1348 2853 1420 2898 cum
1436 2833 1530 2917 Syria

170 2937 410 3002 coniunctionis.
456 2938 562 3002 Verba
584 2936 683 3013 enim,
712 2935 746 3000 in
775 2937 892 3020 quibus
915 2936 1020 3000 adhuc
1041 2936 1201 3000 neminem
1225 2935 1392 3000 offendisse
1415 2937 1527 3001 miror:
1572 2999 1576 3004 ,

168 3046 362 3124 eapapaatis
382 3063 442 3124 per
460 3040 605 3106 Ciliciam
620 3043 906 3106 Homonadensium
928 3043 1073 3104 castellis
1096 3061 1159 3104 non
1174 3040 1233 3104 hoe
1254 3040 1440 3122 significant,
1461 3062 1529 3104 rem

167 3151 290 3227 gestam
314 3166 384 3209 esse
406 3145 441 3209 in
464 3145 584 3211 Cilicia.
631 3144 772 3208 Primum
799 3166 858 3224 per
883 3145 1029 3208 Ciliciam
1052 3144 1141 3208 aliud
1164 3149 1212 3206 est
1235 3149 1329 3225 atque
1352 3146 1386 3205 ia
1411 3144 1529 3208 Cilicia

168 3269 274 3333 neque
304 3248 397 3312 aliter
425 3247 465 3312 ad
493 3249 575 3312 hane
604 3246 792 3312 sententiam
821 3246 959 3310 declinat
985 3247 1049 3312 nisi
1071 3247 1128 3310 ubi
1149 3246 1183 3310 id
1207 3246 1246 3309 de
1269 3266 1331 3328 quo
1355 3247 1458 3328 agitur
1480 3269 1529 3311 re-

168 3354 270 3418 fertur
292 3352 334 3416 ad
362 3350 431 3416 loca
458 3371 514 3435 per
536 3350 719 3415 universam
741 3349 900 3432 regionem
930 3350 1074 3435 dispersa
1097 3351 1154 3434 (ut
1179 3349 1317 3434 exempli
1339 3371 1435 3414 causa
1455 3373 1528 3416 ann.

170 3457 282 3532 15,17
307 3461 392 3521 recte
415 3461 463 3520 est
478 3458 597 3520 Poetae
618 3476 679 3536 per
702 3455 939 3535 Cappadociam
961 3455 1165 3538 hibernavit),
1189 3454 1224 3518 id
1246 3453 1330 3537 quod
1354 3455 1392 3518 de
1415 3457 1529 3522 Homo·

165 3559 367 3624 nadensibus
390 3559 454 3624 dici
474 3579 538 3624 non
567 3566 678 3644 potest.
731 3557 853 3622 Deinde
882 3558 1141 3623 Homonadenses
1170 3558 1231 3622 etsi
1255 3558 1407 3623 Cilicibus
1430 3560 1529 3624 adnu-

166 3669 272 3727 merat
294 3662 409 3727 Strabo
433 3663 506 3745 (12,
531 3665 566 3739 6,
589 3664 619 3727 3.
642 3665 662 3726 4
685 3684 715 3747 p.
730 3662 809 3741 5693
848 3663 904 3738 14,
928 3662 965 3738 5,
991 3665 1006 3724 1
1031 3683 1062 3746 p.
1076 3663 1154 3741 6683
1193 3664 1248 3737 14,
1270 3663 1304 3738 5,
1328 3664 1370 3725 24
1391 3684 1422 3746 p.
1438 3664 1527 3747 679),

167 3775 278 3832 tamen
302 3787 376 3830 cum
399 3763 528 3830 Ciliciae
551 3785 692 3849 asperae¹
709 3786 782 3849 pars
812 3763 1017 3829 occidentalis
1040 3764 1247 3849 Pamphyliae
1270 3764 1423 3829 attributa
1445 3774 1530 3832 esset

168 3870 319 3954 (Ptolem.
339 3871 369 3946 5,
387 3871 417 3946 5,
435 3871 465 3934 3.
480 3870 526 3954 9),
549 3869 681 3934 minime
704 3870 834 3934 fuerunt
864 3869 898 3933 in
921 3870 1085 3954 provincia
1108 3869 1228 3933 Cilicia.
1274 3868 1378 3943 Quam
1399 3870 1439 3934 ob
1463 3892 1529 3934 rem

167 3982 229 4038 aut
249 3975 294 4038 ita
316 3974 415 4037 verba
436 3972 673 4056 interpretanda
696 3984 770 4036 sunt
795 3973 975 4049 Quirinium
997 3995 1069 4037 cum
1089 3971 1386 4036 Homonadensibus
1410 3975 1530 4038 bellum

167 4084 336 4161 gesturum
356 4078 418 4142 iter
440 4076 552 4141 fecisse
574 4095 631 4159 per
648 4075 792 4140 Ciliciam
816 4092 931 4159 eosque
956 4097 975 4138 a
996 4082 1085 4160 parte
1102 4075 1230 4138 Ciliciae
1254 4095 1437 4157 aggressum
1459 4099 1529 4142 esse

167 4182 233 4266 (cf.
248 4181 346 4246 Tacit.
363 4201 435 4244 ann.
455 4183 483 4258 1,
499 4183 554 4246 15:
578 4190 613 4244 at
633 4203 692 4262 per
716 4183 832 4244 circam
857 4217 897 4227 —
921 4181 1043 4244 scilicet
1065 4179 1148 4243 vecti
1172 4217 1213 4225 -
1238 4184 1420 4262 triampdali
1442 4192 1529 4247 oecte

164 4285 357 4368 uteremur),
383 4290 446 4361 aut,
471 4283 504 4348 id
529 4284 613 4367 quod
628 4284 792 4368 proposuit
808 4283 977 4367 Hauptius,
1002 4282 1235 4347 emendandum
1250 4306 1346 4366 saper
1364 4285 1509 4351 Ciliciam
1514 4310 1529 4361 ;

162 4409 249 4454 nam
272 4410 379 4453 verum
407 4393 456 4452 est
483 4388 541 4451 illa
569 4388 828 4473 interpretatione
856 4386 997 4452 admissa
1019 4388 1165 4452 Tacitum
1188 4389 1395 4465 subobscure,
1425 4389 1458 4452 id
1482 4397 1531 4454 551

163 4491 287 4558 vitiose
307 4493 449 4556 locutum
472 4512 549 4568 esse,
575 4513 647 4556 cum
668 4511 732 4556 non
756 4491 947 4576 expresserit
968 4491 1082 4568 locum,
1106 4490 1190 4555 unde
1207 4491 1368 4568 Quirinius
1392 4513 1462 4555 eam
1478 4514 1529 4555 ex-

163 4593 367 4682 peditionem
390 4595 590 4681 suscepisset.
636 4595 717 4660 Utut
738 4601 802 4672 551,
834 4616 958 4680 semper
981 4596 1078 4660 verba
1101 4595 1140 4659 de
1164 4595 1426 4677 quibus'agimus
1448 4596 1530 4660 indi-

164 4699 294 4765 cabunt
316 4699 494 4777 Quirinium
516 4699 641 4764 venisse
664 4720 703 4762 ex
727 4698 831 4782 Syria3
861 4719 938 4762 nam
956 4719 1018 4780 per
1043 4699 1188 4763 Ciliciam
1212 4699 1373 4776 Quirinius
1403 4700 1530 4784 expedi-

162 4803 295 4868 tionem
316 4805 417 4869 facere
440 4824 502 4868 non
524 4803 628 4888 potuit
650 4801 713 4868 nisi
736 4803 894 4887 profectus
918 4823 958 4866 ex
980 4801 1083 4886 Syria,
1112 4823 1209 4885 saper
1234 4804 1379 4866 Ciliciam
1401 4804 1528 4868 Tacitus
