3734 5517
771 397 817 463 Vl,
831 400 863 451 13
874 427 907 436 -
917 399 952 452 23
1478 401 1537 464 101

176 567 318 650 legibus
334 569 459 652 plebive
490 569 578 634 scitis
601 578 766 656 exceptum
795 572 911 648 luisse,
948 593 988 636 ne
1017 575 1181 656 Augustus
1210 575 1252 638 iis
1281 581 1454 651 teneretur,
1484 575 1541 638 sed

176 673 276 736 etiam
300 673 443 754 Augusto
470 674 538 756 lege
570 675 698 739 licuisse
721 676 831 738 foedus
856 677 973 753 lacere,
1005 699 1077 741 cum
1108 678 1225 760 quibus
1252 679 1364 754 vellet,
1395 684 1540 742 senatum

175 795 253 838 eum
278 775 394 840 habere
417 779 558 860 potuisse
582 798 654 842 cum
671 779 766 842 vellet
790 785 821 842 et
835 800 874 841 ne
890 779 1033 861 legitima
1048 781 1177 862 quidem
1193 781 1347 844 edictione
1364 781 1538 856 observata,

173 879 210 941 in
234 879 473 960 magistratibus
489 881 633 944 creandis
650 902 766 956 eorum,
793 903 871 965 quos
887 884 1071 966 suffragium
1089 884 1263 948 ferentibus
1280 885 1443 966 Augustus
1459 895 1539 948 com-

173 982 369 1058 mendasset,
394 991 483 1047 extra
505 985 647 1049 ordinem
662 985 815 1050 rationem
832 986 974 1050 habitam
990 1007 1059 1050 esse
1073 987 1151 1063 iure,
1176 987 1312 1070 denique
1331 988 1382 1050 ius
1405 996 1540 1072 potesta·

173 1097 306 1167 temque
322 1086 352 1150 ei
373 1087 470 1150 luisse
493 1107 583 1168 agere
607 1089 708 1152 lacere
732 1109 940 1172 quaecunque
963 1090 1145 1154 divinarum
1167 1089 1375 1154 humanarum
1399 1092 1540 1175 publica-

172 1208 245 1250 rum
271 1189 530 1272 privatarumque
554 1211 657 1254 rerum
682 1213 721 1254 ex
743 1211 804 1255 usu
827 1192 874 1255 rei
900 1193 1048 1276 publicae
1071 1214 1140 1257 esse
1163 1194 1353 1272 censuisset3
1383 1195 1465 1276 quod
1488 1195 1539 1258 ius

172 1299 250 1375 apte
275 1291 472 1356 concluditur
495 1293 677 1358 definitione
701 1295 821 1358 Gaiana
844 1296 889 1378 (1,
907 1296 944 1379 5)
967 1318 1134 1378 numquam
1156 1299 1331 1360 dubitatum
1354 1318 1435 1373 esse,
1464 1302 1540 1379 quin

170 1397 208 1458 id
229 1400 316 1476 qaod
337 1398 512 1476 imperator
535 1401 659 1461 decreto
682 1402 731 1461 ael
747 1401 850 1462 edicto
866 1402 915 1464 oct
930 1403 1070 1480 epistula
1087 1405 1316 1477 constituisset,
1342 1405 1422 1483 lepis
1438 1405 1538 1464 uicem

170 1501 343 1562 obtineret.
379 1499 543 1564 Eiusmodi
567 1501 745 1585 imperium,
771 1523 828 1565 uec
851 1523 884 1565 re
907 1523 965 1566 nec
987 1511 1128 1587 tempore
1143 1525 1201 1567 nec
1217 1505 1285 1569 loco
1299 1504 1423 1568 finitum
1441 1511 1472 1567 et
1487 1526 1538 1568 ex-

102 1587 108 1596 ’
170 1602 420 1667 traordinarium
445 1604 493 1666 vel
518 1604 666 1681 maxime,
690 1605 791 1667 nihilo
812 1605 928 1682 minus,
954 1607 1074 1691 opinor,
1099 1607 1292 1691 applicatum
1308 1608 1538 1690 quodammodo

170 1708 211 1770 ad
236 1708 374 1791 imperia
396 1708 555 1772 ordinaria
579 1711 720 1790 Augusto
750 1709 901 1772 mandata
928 1710 996 1773 iure
1019 1712 1059 1774 ab
1083 1711 1150 1775 illis
1174 1713 1334 1797 pependit.
1379 1712 1537 1774 Nimirum

170 1813 337 1904 Augustus
360 1832 423 1876 non
452 1811 553 1876 solum
578 1812 700 1893 legibus
725 1811 905 1876 solvebatur
929 1813 1046 1895 quibus
1070 1834 1150 1898 opus
1173 1815 1250 1888 fuit,
1281 1815 1419 1898 exempli
1441 1834 1538 1878 causa

172 1915 299 1996 quando
324 1914 353 1978 ei
377 1915 452 1978 data
473 1923 521 1978 est
544 1916 776 2000 proconsularis
800 1922 940 1999 potestas
962 1918 1114 1982 incertis
1138 1919 1331 2001 quibusdam
1354 1919 1535 2003 provinciis,

170 2018 238 2100 lege
264 2039 312 2094 ea,
337 2038 378 2081 ne
401 2020 569 2102 proconsul
594 2019 627 2082 in
651 2019 728 2083 urbe
752 2027 926 2083 moraretur
948 2041 1029 2084 neve
1055 2029 1144 2085 extra
1166 2023 1361 2105 provinciam
1384 2023 1536 2086 constitu-

169 2129 220 2186 tus
244 2122 426 2206 provinciae
450 2131 619 2207 praeesset,
644 2123 721 2187 item
745 2123 870 2206 quando
894 2124 1099 2189 tribuniciam
1123 2131 1312 2209 potestatem
1331 2125 1462 2209 accepit,
1487 2145 1534 2200 ea,

168 2247 207 2288 ne
230 2225 387 2310 patricius
411 2226 505 2290 homo
528 2227 563 2290 in
587 2228 739 2291 subsellio
761 2227 932 2293 tribunicio
956 2228 1142 2305 consideret,
1167 2230 1222 2292 sed
1246 2228 1297 2291 vel
1320 2236 1387 2290 tum
1405 2228 1455 2291 vel
1472 2227 1535 2290 alia

172 2329 336 2392 occasione
360 2329 456 2393 simul
480 2329 519 2392 ad
535 2330 687 2414 populum
705 2331 804 2393 latum
822 2337 879 2406 est,
903 2338 941 2394 ut
954 2331 1006 2394 ius
1021 2331 1051 2394 ei
1067 2338 1151 2395 esset
1165 2331 1252 2416 pacis
1269 2331 1418 2413 bellique,
1442 2330 1533 2393 ouius

168 2433 364 2496 mentionem
388 2433 465 2497 facit
487 2433 610 2510 Strabo,
640 2441 671 2497 et
693 2434 880 2519 privilegiis,
905 2455 986 2518 quae
1010 2455 1107 2520 supra
1129 2457 1169 2499 ex
1191 2436 1260 2518 lege
1284 2435 1322 2497 de
1337 2433 1533 2518 Vespasiano

167 2537 345 2611 attulimus,
376 2535 512 2618 aliisque
538 2537 698 2600 similibus
721 2544 871 2602 uteretur.
919 2539 1021 2614 Quare
1045 2558 1117 2601 cum
1140 2538 1218 2602 dicit
1240 2541 1403 2620 Augustus
1428 2545 1530 2600 extra-

167 2640 364 2704 ordinarium
390 2641 442 2704 ius
471 2661 504 2704 se
533 2641 684 2705 habuisse
709 2641 926 2718 triumvirum,
957 2647 1067 2726 postca
1094 2641 1253 2706 ordinario
1281 2641 1350 2704 iure
1374 2662 1407 2703 se
1435 2661 1530 2704 usum

169 2763 247 2820 csse,
273 2743 332 2807 hoo
354 2743 521 2821 intellexit,
545 2745 717 2829 posteriorc
740 2751 881 2830 tempore
896 2746 1017 2811 nullam
1032 2746 1097 2809 iam
1113 2751 1301 2830 potestatem
1317 2766 1352 2809 se
1367 2744 1529 2819 habuisse,

168 2867 248 2929 quae
272 2866 332 2910 sua
353 2847 386 2910 vi
410 2853 441 2911 et
463 2853 577 2912 natura
592 2847 839 2912 extraordinaria
854 2854 955 2927 esset3
979 2869 1042 2912 non
1057 2856 1153 2930 negat
1174 2856 1345 2933 potestates
1362 2847 1424 2912 sibi
1441 2867 1529 2911 man·

167 2949 255 3013 datas
279 2949 407 3012 nomine
432 2949 606 3014 ordinarias
629 2951 675 3016 ita
697 2952 834 3015 crevisse
865 2951 1018 3015 clausulis
1042 2951 1190 3028 adiectis,
1218 2960 1256 3017 ut
1277 2951 1452 3034 legitimam
1476 2972 1529 3034 po·

165 3059 311 3117 testatem
343 3053 473 3118 haberet
502 3054 633 3136 reliquis
664 3053 904 3138 magistratibus
933 3055 1061 3119 omnino
1092 3056 1244 3120 maiorem
1273 3061 1345 3119 eta
1373 3061 1528 3138 potestate

166 3156 358 3220 triumvirali
380 3177 415 3220 co
445 3164 569 3222 tantum
599 3158 775 3240 diversam,
808 3159 892 3242 quod
916 3159 985 3222 sine
1007 3161 1135 3224 nomine
1158 3166 1250 3223 esset.
1297 3159 1397 3241 quue
1419 3159 1527 3241 ipsum

166 3261 275 3344 opinor
307 3260 386 3324 alibi
410 3261 477 3344 (Gr.
495 3264 525 3338 3,
546 3264 584 3326 19
598 3263 661 3345 sq.)
685 3261 876 3344 significavit
902 3263 1017 3342 iisdem
1040 3265 1120 3339 fere,
1151 3263 1267 3345 quibus
1291 3261 1420 3325 Tacitus
1448 3281 1526 3324 usus

166 3371 228 3439 est,
267 3365 390 3440 verbiS,
426 3366 597 3449 posteriore
627 3374 766 3450 tempore
779 3361 781 3366 ’
796 3366 825 3429 si
859 3386 922 3448 qua
957 3372 1046 3428 extra
1074 3365 1216 3429 ordinem
1246 3365 1308 3429 sibi
1335 3364 1527 3450 perficienda

166 3473 279 3545 esseut,
305 3488 343 3530 ea
365 3468 522 3552 peregisse
546 3490 580 3532 se
596 3489 654 3552 ope
669 3469 857 3533 tribuniciae
875 3469 1050 3552 potestatis,
1075 3490 1171 3551 quam
1186 3471 1282 3533 etiam
1299 3490 1396 3554 supra
1411 3469 1524 3552 (pao)

164 3569 302 3634 vidimus
327 3571 444 3636 abolito
467 3573 669 3637 triumviratu
692 3573 799 3637 statim
822 3573 855 3636 iu
880 3593 952 3636 eum
975 3572 1122 3637 collatam
1146 3594 1226 3639 esse.
1412 3585 1416 3588 ’

274 3675 321 3737 De
345 3675 480 3756 Augusti
503 3676 629 3740 nomine
653 3676 779 3740 Caesari
802 3676 949 3760 imposito
973 3695 1001 3738 a.
1020 3677 1082 3740 727
1107 3677 1173 3740 Ian.
1193 3679 1233 3740 16
1257 3676 1299 3753 (is
1322 3675 1405 3737 enim
1429 3694 1522 3737 verus

167 3779 235 3842 dies
258 3779 385 3842 videtur
408 3779 492 3861 esse)
522 3779 588 3842 dixi
611 3781 644 3842 in
668 3781 700 3843 C.
719 3781 743 3843 l.
761 3781 794 3842 L.
820 3777 913 3844 vol.l
937 3801 968 3864 p.
985 3781 1060 3844 384.
1082 3774 1085 3778 ⁴
1114 3783 1222 3863 Agunt
1251 3779 1290 3840 de
1319 3797 1357 3840 ea
1384 3775 1522 3839 nominis

165 3878 340 3945 mutatione
365 3890 488 3966 praeter
510 3884 593 3946 locos
617 3883 708 3947 modo
738 3885 853 3948 relatos
883 3886 1034 3948 fastorum
1060 3884 1333 3947 Praenestinorum
1363 3888 1395 3944 et
1416 3879 1522 3944 Ovidii

167 3985 276 4048 feriale
300 3987 494 4063 Cumanum3
524 3987 706 4070 Livirrsep.
728 3988 804 4064 1343
837 3987 1042 4051 Cassiodorus
1065 3988 1171 4050 chron.
1195 3985 1235 4048 ad
1258 4007 1285 4047 a.
1303 3986 1381 4061 7273
1409 3984 1519 4048 Florus

165 4095 260 4166 eutr.;
298 4088 386 4152 Oros.
411 4093 440 4165 6,
456 4091 511 4168 203
538 4091 677 4153 Velleius
702 4092 801 4170 2,91;
832 4090 1002 4154 Suetonius
1024 4093 1106 4171 Aug.
1130 4095 1148 4154 7
1157 4114 1165 4170 3
1196 4089 1386 4153 Censorinus
1408 4089 1447 4151 de
1467 4087 1518 4149 die

165 4199 229 4255 nat.
255 4194 306 4267 21,
325 4193 359 4268 83
387 4193 444 4258 Dio
469 4194 590 4268 53,16.

273 4295 439 4360 Praeterea
461 4297 577 4360 laureis
599 4297 723 4360 corollis
744 4303 849 4380 postes
866 4297 978 4361 doruus
994 4296 1138 4361 Caesaris
1153 4296 1316 4360 Palatinae
1331 4295 1429 4358 vincti
1444 4301 1518 4358 sunt

163 4419 378 4482 suspensaque
408 4401 513 4464 media
538 4401 621 4464 inter
650 4402 773 4465 laureas
802 4400 874 4464 illas
898 4403 931 4464 in
955 4401 1098 4465 eiusdem
1121 4399 1232 4464 domus
1255 4398 1380 4479 fastigio
1403 4418 1517 4462 corona

163 4523 283 4586 querna
304 4505 370 4568 eive
394 4505 503 4569 civica.
542 4507 678 4569 Causam
701 4503 887 4568 decernendi
905 4505 1033 4568 Verrius
1063 4505 1096 4567 in
1127 4505 1217 4568 fastis
1240 4501 1452 4566 Praenestinis
1475 4501 1515 4564 ad

162 4607 289 4672 lan.13
326 4607 354 4671 si
382 4608 512 4690 quidem
544 4630 617 4672 vere
654 4609 844 4691 significavit
879 4609 979 4672 fuisse
1014 4597 1247 4693 provinciarum
1275 4606 1515 4681 restitutionem,

162 4711 271 4774 minus
298 4712 422 4796 proprie
450 4732 516 4776 reru
550 4713 731 4798 explicavit.
783 4713 865 4777 Nam
893 4735 955 4776 uon
992 4713 1095 4777 solum
1121 4713 1352 4798 provinciarum
1381 4708 1515 4772 redditio

162 4814 267 4880 triduo
291 4813 417 4880 demum
440 4827 549 4901 postea
572 4817 710 4900 perlecta
733 4822 790 4894 est,
819 4817 873 4880 sed
902 4818 998 4881 etiam
1025 4838 1076 4880 res
1098 4817 1169 4901 ipsa
1191 4816 1354 4880 confirmat
1374 4813 1409 4876 id
1431 4811 1514 4894 quod
