3734 5517
332 347 395 410 120
453 381 458 392 ¹
823 349 852 401 P.
871 347 1023 402 SVLPICII
1042 349 1190 412 QVIRINII

331 519 538 584 Marmaridas
562 528 594 584 et
617 520 837 602 Garamantes3
862 527 895 584 at
916 543 995 586 num
1017 521 1143 604 subegit
1163 520 1334 605 proconsul
1348 518 1496 584 Africae?
1526 521 1629 584 Immo
1652 541 1694 583 ne
1779 558 1780 589 r

330 624 435 709 potuit
463 625 606 707 quidem,
636 647 711 690 uam
738 625 944 692 Garamantes
968 647 1041 690 cum
1066 625 1191 691 sintin
1218 624 1352 688 desertis
1377 623 1505 688 Africae
1530 622 1693 687 interioris

332 727 378 790 ita
398 727 504 812 positi,
535 735 572 792 ut
593 734 659 792 tam
683 749 722 791 ex
745 729 853 794 Africa
876 749 973 811 quam
995 751 1015 792 a
1037 728 1169 812 Cyrenis
1193 727 1333 791 exercitu
1356 727 1421 810 peti
1444 726 1578 810 possint,
1608 727 1695 792 Mar·
1779 792 1780 821 ,

331 831 468 894 maricae
493 839 594 896 terrae
623 832 806 896 interiectae
836 832 918 896 inter
947 834 1128 917 Aegyptum
1157 838 1189 895 et
1211 831 1415 914 Cyrenaicam
1442 830 1581 906 incolas,
1613 849 1694 912 quos
1779 838 1780 849 ¹

332 934 451 1019 priores
473 935 581 1020 posuit
602 935 713 998 Florus
737 941 769 998 et
792 943 898 1018 aperte
919 935 1056 1018 potiores
1079 935 1205 1011 habuit,
1229 934 1407 1011 Quirinius,
1432 953 1504 997 oum
1525 933 1694 1017 Aegyptus

333 1044 422 1100 extra
445 1037 662 1120 quaestionem
686 1036 736 1113 sit,
762 1036 885 1100 vincere
907 1057 973 1101 non
994 1038 1098 1122 potuit
1120 1037 1183 1100 nisi
1205 1057 1332 1120 praeses
1356 1035 1555 1119 Cyrenaicae.
1604 1036 1694 1112 Quod

333 1139 470 1223 pervidit
494 1141 663 1203 Henzenus
692 1139 779 1224 (syll.
795 1140 913 1224 paee)
943 1161 1045 1223 neque
1068 1141 1138 1225 ipse
1161 1140 1327 1224 Zumptius
1350 1160 1414 1204 uon
1436 1138 1607 1214 intellexit,
1638 1138 1695 1203 sed

333 1263 405 1306 cum
428 1243 563 1307 refutare
587 1262 650 1305 non
672 1248 788 1325 posset,
813 1241 916 1307 elusit.
969 1242 1051 1306 Nam
1075 1241 1260 1306 Strabonem
1285 1244 1353 1326 (17,
1371 1243 1401 1318 3,
1418 1243 1460 1306 23
1482 1263 1512 1325 p.
1526 1242 1607 1325 838)
1631 1242 1695 1306 sibi

333 1347 482 1430 opitulari
510 1353 615 1432 putat,
648 1345 704 1428 qui
732 1346 942 1410 Marmaridas
972 1345 1115 1411 habitare
1145 1347 1274 1430 quidem
1304 1346 1389 1410 dicat
1416 1366 1514 1430 prope
1542 1345 1693 1428 Cyrenas,

334 1449 390 1512 sed
414 1471 471 1514 nec
495 1450 685 1534 Cyrenaicae
708 1469 765 1513 nec
781 1450 925 1535 Aegypto
950 1450 1117 1530 attribuat3
1144 1451 1237 1534 quasi
1259 1457 1424 1536 propterea
1446 1448 1533 1532 quod
1555 1450 1694 1534 populus
1780 1528 1781 1537 ἵ

334 1558 423 1616 extra
445 1553 547 1618 solum
570 1552 749 1638 provinciae
773 1554 985 1618 conterminae
1001 1554 1190 1638 Cyrenaicae
1214 1554 1424 1629 constituitur,
1447 1553 1550 1635 magis
1575 1553 1695 1618 bellum
1780 1540 1781 1587 l

334 1655 364 1718 ei
385 1656 501 1720 inferre
523 1658 661 1741 potuerit
682 1678 810 1742 praeses
833 1659 1014 1743 provinciae
1038 1680 1101 1723 nou
1117 1658 1339 1722 conterminae.
1375 1657 1438 1720 Nec
1460 1655 1565 1739 magis
1583 1678 1695 1721 verum

334 1765 391 1835 est,
417 1760 562 1842 quamvis
584 1761 693 1844 paullo
715 1761 816 1844 magis
841 1762 1028 1846 speciosum,
1053 1761 1273 1846 proconsulem
1288 1760 1477 1844 Cyrenaicae
1492 1766 1606 1844 utpote
1626 1780 1694 1844 pro

334 1861 456 1924 vinciae
480 1864 654 1928 senatoriae
670 1872 701 1928 et
715 1864 845 1930 inermis
863 1865 985 1929 bellum
999 1885 1105 1947 gerere
1126 1885 1190 1930 non
1204 1864 1355 1949 potuisse.
1391 1862 1472 1926 Nam
1487 1862 1547 1927 hoc
1563 1862 1696 1947 quidem

333 1972 473 2048 tempore
502 1969 742 2050 proconsulibus
778 1989 841 2032 non
868 1975 935 2032 tam
967 1969 1019 2032 ius
1049 1969 1126 2032 belli
1155 1967 1285 2052 gerendi
1314 1967 1416 2032 defuit
1444 1988 1541 2050 quam
1571 1968 1694 2034 occasio
1781 1986 1782 2007 ¹

333 2069 387 2148 (cf.
404 2069 484 2133 Vell.
497 2072 527 2150 2,
546 2074 625 2136 1161
648 2076 682 2136 ia
699 2075 867 2136 Germanic
883 2074 1073 2154 Illyriosque
1096 2081 1126 2135 el
1149 2060 1222 2136 racc
1240 2075 1273 2134 ia
1288 2074 1404 2153 Africo
1420 2073 1694 2153 splendidissimis
1781 2108 1782 2111 κ

332 2173 458 2252 faselos
481 2178 668 2240 ministeriis
691 2197 755 2241 raon
777 2179 906 2256 merito,
935 2178 993 2240 sed
1020 2179 1155 2240 molaria
1185 2177 1385 2257 adipiscendi
1408 2177 1620 2254 triumphalia
1641 2177 1694 2239 de-

331 2276 435 2355 sectas
459 2277 543 2362 est),
575 2300 710 2362 cumque
738 2280 941 2364 proconsules
972 2280 1153 2345 consulares
1176 2281 1302 2344 Africae
1326 2279 1366 2343 ad
1391 2277 1569 2360 Caligulam
1591 2299 1692 2362 usque

334 2379 400 2442 suis
424 2381 575 2465 auspiciis
598 2404 666 2446 rem
688 2382 844 2464 gesserint
866 2382 955 2466 (Tac.
973 2382 1047 2447 hist.
1064 2384 1095 2460 4,
1112 2383 1180 2466 48),
1208 2382 1279 2467 ipso
1307 2381 1377 2446 iure
1398 2380 1485 2446 idem
1507 2380 1602 2447 licuit
1623 2404 1692 2467 pro

333 2483 455 2546 consuli
477 2486 631 2567 praetorio
654 2486 854 2569 Cyrenaicae.
901 2486 948 2550 Ne
971 2487 1029 2551 hoc
1054 2487 1184 2570 quidem
1205 2493 1345 2563 constat,
1370 2493 1574 2578 eo-tempore
1599 2489 1691 2572 Cyre·
1782 2548 1783 2557 ,

332 2585 457 2650 naicem
485 2588 643 2672 praesidio
672 2590 804 2654 militari
833 2589 988 2671 caruisse;
1019 2590 1116 2654 immo
1145 2610 1208 2654 non
1235 2589 1446 2674 improbabile
1473 2609 1532 2672 per
1560 2590 1691 2674 aliquod

333 2693 458 2772 tempus
482 2690 635 2773 legionem
649 2713 685 2758 111
706 2693 910 2775 Cyrenaicam
934 2693 968 2756 in
992 2693 1063 2777 ipsa
1085 2693 1257 2778 provincia,
1283 2714 1302 2758 a
1325 2715 1389 2776 qua
1410 2713 1526 2756 nomeu
1549 2695 1688 2772 retinuit,

334 2801 437 2856 castra
451 2792 611 2872 habuisse,
636 2804 808 2876 antequam
830 2796 864 2859 in
887 2796 1026 2860 vicinam
1041 2798 1225 2880 Aegyptum
1247 2798 1479 2860 transferretur.
1519 2795 1584 2862 Sed
1607 2798 1689 2862 utis
1783 2830 1784 2841 ¹

334 2900 435 2958 status
450 2897 620 2978 legionum,
645 2920 740 2982 quem
763 2899 932 2964 adumbrat
948 2901 1079 2965 Tacitus
1094 2922 1168 2966 ann.
1184 2903 1215 2976 4,
1233 2902 1263 2978 5,
1287 2899 1350 2964 iam
1376 2921 1411 2965 eo
1435 2900 1553 2982 dequo
1570 2901 1690 2984 agimus

333 3005 472 3082 tempore
496 3001 686 3083 obtinuerit,
716 3003 794 3085 quid
823 3004 952 3067 vetabat
975 3003 1058 3068 bello
1082 3003 1189 3087 aliquo
1211 3004 1245 3066 in
1269 3003 1442 3087 Cyrenaica
1464 3004 1627 3069 exoriente
1649 3006 1689 3069 le
1783 2998 1784 3057 l

334 3103 458 3184 gionem
482 3125 521 3167 ex
542 3105 687 3190 Aegypto
709 3126 746 3170 eo
769 3105 863 3182 mitti,
889 3126 970 3189 quae
992 3107 1172 3190 proconsuli
1195 3107 1339 3190 pareret?
1373 3109 1484 3190 ltaque
1507 3108 1554 3171 sic
1579 3116 1688 3185 statue,

334 3206 511 3282 Quirinium
535 3230 574 3272 ex
597 3214 744 3294 praetura
767 3217 838 3294 post
861 3209 1116 3294 quinquennium
1130 3212 1349 3295 proconsulem
1366 3212 1485 3275 factum
1503 3211 1689 3295 Cretamque

333 3316 364 3374 et
380 3311 517 3393 Cyrenas
540 3314 686 3377 sortitum
701 3312 908 3378 Marmaridas
925 3321 957 3378 et
973 3314 1179 3379 Garamantes
1202 3315 1335 3393 vicisse3
1359 3313 1456 3397 idque
1471 3315 1556 3379 inter
1580 3315 1646 3380 alia
1658 3316 1689 3378 in

332 3421 438 3478 mente
467 3415 579 3481 habuit
605 3417 734 3480 Tacitus
766 3417 908 3482 scribens
933 3418 1114 3495 Quirinium
1140 3421 1307 3499 impigram
1335 3423 1471 3483 militiae
1501 3429 1532 3483 el
1562 3422 1689 3484 acribus

332 3522 519 3583 ministeriis
543 3520 743 3585 consulatum
764 3522 926 3586 meruisse.
964 3524 1030 3599 Quo
1054 3529 1194 3608 tempore
1218 3523 1425 3606 Cyrenaicam
1447 3523 1687 3599 administrarit,

332 3622 456 3687 definiri
479 3623 600 3706 nequit,
623 3644 726 3706 neque
750 3624 909 3689 adsentior
924 3626 1074 3691 Henzeno
1097 3634 1223 3710 propter
1246 3626 1330 3690 Flori
1354 3627 1451 3690 verba
1473 3648 1572 3711 supra
1595 3629 1690 3692 relata

332 3727 552 3792 Marmaricam
576 3728 712 3805 Quirinii
742 3729 904 3794 victoriam
935 3736 1178 3815 postponentem
1200 3731 1382 3794 Gaetulicae
1405 3731 1495 3794 Cossi
1524 3738 1636 3816 partae
1662 3753 1689 3798 a.

333 3852 365 3892 u.
382 3852 408 3896 c.
426 3832 505 3912 7593
535 3854 638 3916 neque
667 3833 753 3896 enim
781 3832 815 3896 in
837 3833 957 3897 talibus
980 3833 1092 3897 Florus
1121 3834 1272 3917 temporis
1295 3834 1437 3898 ordinem
1461 3842 1691 3918 servatusque

333 3934 399 3998 ullo
421 3942 513 4018 pecto
537 3936 710 4002 secundum
734 3957 788 4019 ea,
823 3957 903 4019 quae
927 3937 966 4001 de
990 3937 1132 4014 Quirinio
1156 3944 1318 4021 praeterea
1339 3938 1535 4022 accepimus,
1566 3960 1691 4024 procon-

333 4039 473 4121 sulatum
496 4040 684 4122 praetorium
710 4039 933 4105 administrare
956 4041 1060 4125 potuit
1074 4047 1147 4123 post
1167 4062 1194 4104 a
1210 4042 1284 4105 759.
1320 4041 1410 4117 Quod
1424 4041 1453 4105 si
1470 4042 1543 4124 quis
1560 4043 1693 4108 coniciet

333 4142 566 4227 expeditionem
580 4143 615 4204 iu
631 4145 835 4208 Garamantes
852 4167 879 4208 a.
893 4144 957 4208 734
981 4145 1150 4209 coniuncta
1165 4165 1260 4230 opera
1274 4146 1452 4229 suscepisse
1468 4145 1610 4211 Balbum
1624 4168 1691 4232 pro·

333 4246 495 4309 consulem
511 4245 636 4309 Africae
658 4254 688 4310 et
708 4249 927 4332 proconsulem
944 4249 1133 4332 Cyrenaicae
1150 4248 1338 4327 Quirinium,
1362 4258 1540 4334 temporum
1556 4254 1691 4316 rationes

333 4350 362 4412 ei
386 4350 581 4413 coniecturae
610 4370 673 4413 non
702 4350 923 4429 adversantem
955 4373 1030 4416 narn
1054 4353 1234 4429 Quirinium
1254 4359 1362 4438 utpote
1390 4353 1552 4417 homiuem
1576 4375 1690 4421 novum

333 4472 394 4516 uon
418 4453 535 4517 mirum
558 4460 606 4517 est
628 4454 727 4520 multo
752 4464 823 4519 ante
839 4464 1020 4541 praeturam
1035 4457 1171 4540 gessisse
1188 4478 1284 4540 quam
1299 4457 1479 4542 perveniret
1492 4458 1535 4522 ad
1551 4481 1688 4525 summos

335 4557 475 4620 honores.
528 4555 593 4622 Sed
620 4557 689 4621 fieri
719 4578 844 4641 quoquc
873 4566 992 4643 potest,
1021 4568 1057 4624 ut
1084 4568 1216 4643 uterque
1246 4562 1367 4626 bellum
1397 4563 1532 4644 gesserit
1554 4571 1691 4649 tempore

333 4660 465 4724 diverso.
