3734 5517
87 1778 89 1785 ,
179 1645 286 1776 Cum
308 1710 343 1773 in
370 1709 611 1793 inscriptionum
635 1708 820 1773 Latinarum
848 1708 969 1791 sylloge
996 1708 1087 1771 iussu
1118 1708 1297 1772 academiae
1321 1708 1534 1772 Berolinensis

176 1814 317 1899 paranda
343 1814 383 1877 ad
412 1813 625 1878 Asiaticarum
653 1812 888 1896 provinciarum
916 1812 1139 1897 inscriptiones
1168 1812 1297 1876 Latinas
1324 1811 1534 1876 recensendas

87 1948 88 1959 ¹
177 1918 376 1983 devenissem
408 1917 609 1999 iudicemque
642 1937 748 1980 rerum
782 1916 821 1979 ab
851 1917 995 1998 Augusto
1028 1923 1189 1998 gestarum
1217 1916 1340 1981 iteratis
1375 1916 1459 1980 curis
1488 1938 1535 1980 re-

87 2040 88 2051 *
175 2021 377 2087 tractandum
399 2021 478 2085 mihi
502 2042 571 2085 esse
594 2020 827 2103 intellegerem,
860 2019 966 2085 allatis
990 2019 1118 2084 interim
1143 2020 1293 2084 beneficio
1316 2020 1437 2085 Perroti
1461 2020 1535 2084 sub·

177 2125 267 2189 sidiis
297 2124 389 2189 novis
417 2124 521 2207 iisque
550 2124 693 2209 optimis,
725 2122 891 2187 emendata
920 2128 1010 2207 parte
1032 2123 1161 2199 Latina,
1192 2123 1311 2187 Graeca
1338 2144 1411 2187 vero
1440 2125 1536 2188 etiam

177 2231 311 2315 expleta,
335 2231 385 2293 his
405 2230 452 2294 ita
473 2230 521 2293 uti
544 2230 648 2294 visum
673 2236 730 2310 est,
753 2235 790 2293 ut
811 2228 927 2291 indicis
944 2228 1012 2292 eius
1029 2228 1125 2291 editio
1142 2228 1365 2292 commentario
1380 2228 1537 2291 instructa

177 2334 347 2419 separatim
371 2333 524 2417 prodiret,
553 2333 616 2418 ipsi
645 2333 767 2418 corpori
788 2337 894 2396 textus
917 2330 1135 2397 tantummodo
1159 2353 1231 2396 oum
1254 2331 1454 2396 adnotatione
1477 2332 1536 2395 ori-

176 2438 237 2501 tica
260 2438 463 2502 insereretur.
510 2436 589 2501 Nam
615 2459 687 2501 cum
710 2436 816 2521 ipsum
839 2442 1080 2500 monumentum
1110 2436 1155 2500 ita
1178 2441 1394 2521 comparatum
1417 2436 1471 2512 sit,
1500 2441 1537 2500 nt

87 2578 88 2581 κ
176 2547 258 2605 reete
290 2548 323 2605 et
350 2541 443 2625 plene
467 2540 521 2603 vix
552 2540 694 2604 adhiberi
723 2560 816 2624 posse
839 2538 985 2603 videatur
1007 2540 1072 2603 nisi
1094 2539 1290 2603 illustratum
1313 2540 1536 2603 commentario

87 2690 89 2695 ,
175 2652 344 2731 perpetuo,
376 2644 443 2707 eius
475 2643 597 2726 generis
621 2644 781 2707 adnotatio
804 2644 943 2729 corporis
967 2644 1050 2727 quod
1073 2665 1149 2729 paro
1171 2643 1348 2708 rationibus
1370 2665 1434 2708 non
1460 2645 1537 2708 satis

176 2750 333 2813 convenit.
378 2749 545 2812 Praeterea
568 2753 669 2824 erunt,
694 2747 748 2829 qui
773 2747 930 2812 eiusmodi
952 2754 1192 2812 monumentum
1215 2746 1255 2811 ad
1278 2746 1381 2811 libelli
1404 2748 1537 2812 formam

175 2874 272 2937 prope
302 2852 454 2916 accedens
484 2856 604 2915 ettam
632 2850 791 2934 philologo
822 2871 918 2933 quam
946 2850 1096 2915 historico
1125 2851 1334 2915 utilissimum
1357 2871 1537 2935 comparare

177 2957 238 3020 sibi
260 2955 373 3032 velint,
403 2976 475 3018 eum
497 2960 659 3038 praeterea
682 2974 743 3016 non
767 2953 931 3037 inquirant
955 2954 1029 3018 data
1052 2974 1147 3038 opera
1177 2954 1209 3017 in
1233 2954 1455 3039 inscriptiones
1479 2956 1536 3017 La-

176 3062 269 3125 tinas.
319 3058 441 3123 Similis
465 3064 571 3122 autem
595 3057 706 3133 editio,
738 3078 833 3140 quam
863 3065 936 3121 ante
959 3077 1059 3121 annos
1083 3058 1197 3140 viginti
1220 3066 1370 3122 curarunt
1392 3059 1453 3123 duo
1477 3059 1538 3122 viri

87 3154 88 3165 ¹
178 3164 260 3229 docti
283 3163 440 3227 lohannes
462 3162 613 3227 Francius
643 3167 674 3224 et
696 3164 778 3243 Aug.
801 3161 871 3225 Gul.
896 3162 1064 3246 Zumptius
1088 3164 1257 3246 (Caesaris
1282 3165 1418 3242 depasti
1441 3165 1539 3225 indes

178 3290 281 3333 rerum
297 3288 319 3331 a
331 3289 365 3331 se
379 3276 541 3348 pastorum
552 3269 621 3329 stoc
632 3276 856 3329 monumentum
864 3267 1074 3349 Ancprcncm.
1086 3266 1328 3331 Berolini1845.
1342 3267 1373 3328 4.
1385 3288 1439 3351 pp.
1449 3268 1537 3351 120),

178 3374 255 3437 moti
279 3372 415 3435 Graecae
439 3368 592 3433 versionis
615 3374 704 3452 parte
727 3368 835 3452 paullo
859 3375 931 3431 ante
956 3369 996 3432 ab
1021 3369 1202 3433 Eamiltono
1226 3375 1359 3454 reperta,
1387 3371 1452 3437 iam
1475 3390 1537 3433 non

179 3475 305 3551 sufficit,
329 3479 497 3558 postquam
521 3473 649 3537 tabulae
673 3472 872 3537 Perrotianae
896 3492 1022 3548 omnem
1042 3480 1164 3557 partem
1189 3474 1292 3558 operis
1308 3474 1411 3538 denno
1427 3474 1538 3538 funda-

179 3586 292 3645 verunt
315 3586 347 3641 et
368 3578 403 3642 in
425 3583 614 3662 perpetuum
637 3576 871 3641 stabiliverunt.
918 3575 1005 3660 Opus
1029 3584 1135 3641 autem
1158 3577 1204 3641 sio
1226 3578 1363 3641 institui.

267 3684 291 3747 l.
340 3681 484 3747 Primum
512 3680 656 3745 recensui
687 3678 868 3763 exemplum
891 3679 1043 3744 Latinum
1071 3680 1215 3744 subiecta
1242 3681 1365 3763 integra
1386 3664 1538 3745 varietate

181 3788 396 3873 exemplorum
427 3806 549 3861 eorum,
581 3804 713 3867 quorum
744 3784 834 3868 eopia
857 3783 937 3849 mihi
959 3784 1033 3861 fuit,
1064 3785 1126 3849 nisi
1152 3785 1236 3868 quod
1259 3784 1397 3869 exempli
1418 3784 1538 3849 Busbe-

182 3892 291 3977 quiani
314 3911 411 3975 supra
432 3911 462 3974 p.
476 3909 639 3955 xur-xvr
663 3888 890 3973 repraesentati
913 3888 965 3952 hic
989 3910 1053 3953 non
1075 3889 1190 3954 admisi
1211 3888 1273 3952 nisi
1296 3889 1538 3974 scripturae‘va-

181 3999 325 4061 rietatem
347 3994 516 4079 potiorem3
542 4014 645 4076 neque
668 3994 723 4057 ubi
739 3993 878 4076 reliquos
894 4000 991 4057 testes
1008 3994 1142 4078 appello,
1168 3993 1443 4077 comprehenditur
1457 3995 1539 4059 Bus-

183 4102 325 4185 bequius.
373 4099 487 4163 Hiatus
512 4096 673 4161 dimensus
698 4097 738 4161 ad
761 4098 903 4162 tabulam
926 4098 1141 4162 Perrotianam
1165 4105 1241 4180 quot
1262 4097 1296 4161 in
1320 4098 1455 4180 singulis
1479 4099 1539 4162 ele-

182 4211 288 4270 menta
311 4204 478 4269 videantur
501 4202 634 4287 periisse
663 4202 772 4266 sedulo
799 4202 964 4281 adnotavi3
995 4224 1014 4265 a
1042 4201 1273 4285 supplementis
1297 4204 1458 4267 antemio
1480 4203 1539 4270 hac

183 4310 311 4391 quidem
341 4307 524 4373 recensione
548 4306 699 4369 abstinui.
746 4306 873 4370 Titulus
896 4307 965 4391 ipse
995 4306 1130 4390 scriptus
1160 4312 1208 4369 est
1231 4306 1486 4371 emendatissime
1509 4315 1541 4371 et

183 4414 311 4496 qualem
335 4413 389 4477 vix
413 4416 611 4496 expectasses
635 4410 668 4473 in
691 4410 854 4495 provincia
877 4412 908 4475 et
930 4411 1104 4495 longinqua
1120 4417 1151 4475 et
1167 4411 1300 4484 Graeca3
1325 4410 1447 4475 scribae
1464 4432 1539 4495 qua-

183 4518 351 4583 dratariive
381 4536 500 4581 errores
529 4516 582 4579 vix
612 4521 695 4579 certo
725 4514 919 4599 deprehendi
948 4523 1072 4601 praeter
1102 4526 1131 4579 et
1162 4517 1191 4591 2,
1219 4517 1237 4579 2
1266 4514 1350 4579 male
1373 4515 1539 4580 insertum.

183 4607 442 4707 Apographornm
468 4620 628 4685 varietatis
652 4640 715 4685 non
737 4620 845 4703 ignoro
869 4627 901 4684 et
922 4620 1066 4686 taedium
1087 4621 1199 4703 ingens
1223 4641 1292 4683 csse
1315 4624 1346 4682 et
1368 4619 1540 4685 utilitatem

184 4746 379 4810 perparvam,
404 4746 476 4787 oum
500 4724 648 4789 standum
672 4725 714 4789 sit
736 4726 800 4789 fere
824 4726 969 4810 exemplo
991 4724 1186 4803 Perrotian03
1212 4723 1444 4808 displicentque
1465 4745 1540 4787 sanc

184 4830 262 4893 mihi
286 4851 383 4913 quam
405 4827 542 4893 maxime
567 4830 593 4893 si
618 4831 673 4913 qui
701 4830 888 4913 obstrepunt
916 4830 1047 4895 auribus
1071 4829 1187 4893 uostris
1211 4828 1397 4894 mendarum
1420 4826 1540 4891 concla-
