3734 5517
729 817 1008 909 INDICES.

788 1013 938 1024 ...----··

569 1225 596 1298 r.
646 1198 1156 1300 consensissemus

398 1377 441 1435 IN
465 1374 768 1434 COMMENTARIO
795 1373 981 1436 AVGVSTI
1006 1373 1323 1435 TRACTATARVM

615 1499 673 1556 AD
695 1497 886 1578 ORDINEM
908 1494 1103 1555 OAPITVM.

292 1692 404 1776 Capita
420 1699 462 1758 ut
484 1689 659 1754 clausulam
683 1690 847 1754 mittamus
871 1695 980 1753 auctor
1001 1689 1077 1752 fecit
1107 1688 1238 1771 triginta
1259 1688 1400 1771 quinque
1406 1718 1416 1764 ‚¹
1455 1708 1536 1771 quae

181 1815 252 1860 cum
284 1795 394 1859 eadem
424 1794 488 1858 sint
518 1799 583 1858 tam
611 1793 646 1856 in
668 1792 914 1875 Latinis‘quam
945 1791 979 1854 in
1002 1792 1130 1855 Graecis
1160 1812 1285 1878 summa
1311 1791 1536 1874 aequabilitate

182 1898 257 1980 (nisi
289 1898 371 1982 quod
402 1896 652 1961 additamentum
684 1897 800 1961 Graece
829 1896 1044 1971 continuatur,
1074 1918 1146 1960 cum
1176 1897 1287 1960 Latine
1316 1895 1475 1960 dividatur
1500 1896 1535 1959 in

182 2001 286 2086 capita
302 2002 485 2086 quattuor),
496 1999 564 2064 iure
579 2001 753 2064 referentur
769 2000 808 2063 ad
824 1999 930 2084 ipsum
944 2002 1132 2081 Augustum.
1157 2000 1325 2082 Propterea
1339 2021 1396 2063 nos
1412 2002 1536 2082 quoque

182 2127 240 2169 non
276 2104 493 2169 dubitavimus
529 2103 702 2168 secundum
738 2125 775 2168 ea
809 2103 1068 2168 commentarium
1105 2103 1197 2167 edere
1224 2103 1363 2166 numeris
1393 2103 1534 2179 adiectis,

183 2230 374 2292 quamquam
405 2208 476 2294 ipsa
509 2207 623 2272 divisio
659 2229 770 2292 parum
806 2229 839 2272 se
874 2207 1075 2274 commendat
1105 2228 1267 2292 saepeque.
1292 2206 1402 2271 codem
1432 2207 1534 2291 capite

181 2311 487 2398 comprehenduntur
518 2333 566 2376 res
596 2312 766 2376 admodum
789 2311 942 2376 diversae.
976 2349 1016 2358 -
1047 2311 1297 2375 Commentarius
1326 2311 1396 2396 ipse
1423 2309 1533 2394 triper-

181 2418 255 2482 titus
281 2425 345 2482 est:
375 2416 479 2498 agitur
507 2415 644 2499 primum
675 2415 713 2478 de
740 2414 914 2498 ¹honoribus
942 2415 976 2478 in
999 2416 1179 2496 Augustum
1202 2414 1338 2490 collatis,
1367 2414 1401 2490 id
1424 2420 1473 2479 est
1494 2412 1533 2476 de

181 2521 420 2604 magistratibus
450 2519 633 2583 sacerdotiis
663 2517 832 2604 triumphis
862 2519 1027 2601 omnisque
1056 2519 1178 2601 generis
1206 2519 1376 2582 honoribus
1410 2517 1533 2602 adeptis

181 2625 220 2707 (o.
237 2624 415 2708 I-XIV),
452 2621 566 2686 deinde
595 2623 634 2686 de
662 2622 816 2706 impensis
846 2643 925 2706 quas
954 2623 987 2686 in
1016 2643 1085 2685 rem
1117 2622 1279 2706 publicam
1308 2622 1346 2685 de
1374 2642 1431 2685 suo
1460 2621 1534 2684 iecit

181 2726 219 2808 (c.
235 2727 334 2791 ΧΨ»
341 2727 471 2810 XXIV),
497 2725 632 2810 demque
656 2726 694 2790 de
715 2726 810 2790 rebus
826 2727 922 2808 gestis
940 2746 1015 2810 pace
1033 2726 1177 2810 belloque
1200 2727 1242 2810 (c.
1256 2725 1531 2808 th-XXXV),

181 2838 213 2895 ut
236 2837 389 2916 appareat
418 2831 473 2914 qui
502 2828 638 2912 titulum*
663 2829 795 2894 dictavit
823 2851 926 2894 rerum
959 2836 1119 2912 gestarum
1145 2829 1212 2894 divi
1234 2830 1388 2911 Augusti,
1417 2829 1533 2913 quibus

181 2935 285 2999 orbem
310 2943 464 2998 terrarum
487 2933 619 3018 imperio
642 2935 753 3018 populi
776 2935 909 3000 Romani
933 2934 1130 3010 subiecisset,
1154 2942 1186 2999 ct
1205 2915 1429 3019 impensaium,
1454 2954 1533 3016 quas

180 3031 210 3101 ih
234 3060 301 3103 rem
323 3038 484 3124 publicam
502 3038 717 3123 populumque
735 3039 911 3104 Romanum
927 3039 1064 3115 fecisset,
1088 3039 1224 3124 primam
1239 3045 1361 3123 partem
1377 3037 1530 3111 omisisse,

182 3142 350 3207 secundam
373 3141 562 3224 tertiamque
586 3141 763 3206 invertisse.
812 3145 1009 3227 Quamquam
1035 3143 1235 3227 partitionem
1258 3142 1348 3205 illam
1371 3143 1532 3223 Augustus

181 3253 304 3312 secutus
330 3253 379 3310 est
401 3246 434 3310 in
458 3245 642 3310 universum
665 3251 789 3310 tantum
813 3247 882 3310 sine
905 3247 1092 3331 scrupulosa
1113 3247 1285 3310 anxietate:
1315 3244 1361 3309 ita
1383 3243 1532 3328 inprime

179 3353 311 3414 tractatu
336 3371 396 3414 non
421 3355 546 3414 tautum
563 3349 723 3414 censoriae
738 3350 909 3414 functionis
926 3351 1081 3428 meminit,
1105 3350 1161 3415 sed
1176 3350 1263 3434 ipsos
1280 3369 1404 3432 quoque
1420 3369 1532 3412 census

181 3451 248 3517 fuse
271 3459 397 3517 enarrat
420 3453 461 3536 (o.
476 3453 576 3537 VIII),
600 3453 693 3518 tertio
717 3453 850 3519 inscruit
872 3475 934 3518 non
960 3455 1063 3520 solum
1087 3455 1307 3518 honoresoum
1322 3453 1531 3538 reipublicae

181 3556 377 3622 restitutione
402 3556 598 3632 coniunctos,
630 3557 714 3639 quod
738 3566 841 3641 potest
864 3557 990 3622 defendi
1015 3559 1057 3642 (c.
1067 3558 1233 3643 XXXIV),
1260 3557 1317 3622 sed
1340 3557 1435 3621 etiam
1457 3557 1531 3621 titu-

179 3658 245 3722 lum
267 3661 366 3745 patris
390 3660 511 3746 patriae
535 3661 598 3725 sibi
613 3661 756 3726 oblatum
772 3663 812 3745 (o.
826 3662 975 3746 XXXV),
1000 3663 1139 3747 denique
1151 3684 1214 3726 non
1230 3682 1329 3747 pauca
1343 3670 1427 3737 sunt,
1451 3681 1531 3744 quae

179 3763 245 3844 pari
268 3764 334 3828 iure
358 3772 390 3828 et
411 3765 513 3848 primo
537 3772 568 3828 et
590 3765 682 3828 tertio
707 3765 808 3829 ordini
833 3766 943 3830 inferri
965 3773 1143 3851 potuerunt.
1167 3805 1206 3813 -
1224 3765 1414 3849 Diligentius
1432 3785 1532 3848 quam

178 3866 314 3949 reliquas
344 3869 423 3932 duas
455 3870 617 3950 Augustus
642 3876 808 3934 exsecutus
839 3878 887 3934 est
914 3879 1038 3956 partem
1066 3871 1104 3934 de
1132 3869 1285 3954 impensis
1312 3868 1356 3933 in.
1375 3889 1441 3932 rem
1473 3890 1530 3952 pu-

180 3969 292 4035 blicam
315 3972 418 4064 factis,
449 3973 586 4036 maxime
609 3972 701 4037 ludos
726 3974 961 4058 congiariaque3
992 3996 1094 4057 neque
1117 3974 1150 4038 id
1173 3975 1290 4038 mirum
1310 3981 1361 4037 est
1380 3973 1415 4037 in
1437 3973 1530 4037 titulo

179 4072 291 4138 Itomae
315 4075 475 4160 proposito
500 4076 679 4161 scriptoque
702 4077 904 4160 potissimum
932 4062 1020 4162 plebi
1042 4078 1191 4142 urbanae.
1216 4115 1256 4124 —-
1281 4077 1369 4154 Quod
1392 4078 1421 4141 si
1442 4095 1529 4161 prae-

179 4183 263 4242 terea
284 4179 481 4263 quaerimus
507 4180 582 4262 quid
608 4188 734 4244 secutus
759 4202 827 4244 esse
852 4181 996 4245 videatur
1018 4181 1187 4266 imperator
1209 4182 1241 4245 iu
1268 4202 1373 4246 rerum
1395 4181 1527 4257 delectu,

178 4282 313 4365 primum
338 4307 411 4350 cum
433 4291 557 4369 praeter
582 4305 655 4348 suos
678 4285 812 4348 honores
836 4306 973 4368 suasque
995 4306 1046 4348 res
1070 4290 1175 4368 gestas
1197 4286 1293 4350 etiam
1309 4285 1443 4349 filiorum
1459 4284 1529 4347 Gaii

179 4385 266 4451 Lucii
281 4388 403 4453 Tiberii
418 4388 586 4470 generique
602 4388 761 4472 Agrippae
776 4388 897 4472 passim
912 4389 1101 4464 inserantur,
1125 4388 1295 4454 nullosloco
1310 4395 1529 4474 praeterquam

178 4489 213 4552 in
237 4494 325 4558 anuis
349 4492 552 4576 designandis
581 4512 695 4556 nomen
718 4493 807 4576 ponit
835 4491 973 4557 hominis
1002 4493 1084 4556 infra
1110 4493 1272 4575 fastigium
1293 4492 1530 4577 imperatorium

180 4595 355 4677 constituti3
387 4617 446 4659 nec
468 4596 570 4678 magis
595 4596 741 4661 meminit
770 4595 976 4681 adoptionum
1002 4596 1259 4681 reliquarumque
1282 4618 1385 4660 rerum
1407 4597 1528 4661 domes-

180 4697 326 4779 ticarum,
361 4701 445 4765 unde
474 4701 574 4765 altum
598 4701 762 4765 silentium
785 4708 833 4764 est
860 4700 898 4765 de
929 4701 1057 4767 leminis
1080 4701 1191 4766 demus
1216 4705 1374 4784 Augustae
1396 4701 1528 4786 ipsaque

181 4798 278 4867 bivia.
312 4802 478 4871 Abstinuit
500 4802 595 4887 igitur
618 4804 760 4868 consulto
784 4809 848 4869 tam
874 4827 892 4868 a
915 4805 1049 4870 ducibus
1074 4806 1129 4888 qui
1146 4814 1234 4871 extra
1249 4806 1376 4870 domum
1392 4807 1527 4891 impera·
