3734 5517
367 335 428 396 146

475 508 511 572 In
528 505 709 590 compositis
723 515 773 586 rap
790 505 947 581 scribitur,
970 525 1033 570 non
1049 526 1107 585 np:
1130 505 1318 585 impendere,
1339 507 1483 584 impenso
1505 505 1712 587 (quamquam

367 616 499 694 inpensa
515 609 611 674 estin
625 607 881 694 praescriptione,
898 627 979 690 quae
994 628 1055 672 non
1071 613 1120 672 est
1134 607 1300 691 Augusti),
1315 610 1710 689 imperator-‚comparare

366 718 547 796 comptura;
570 721 677 777 contra
697 721 764 776 tam
780 733 829 793 rnq
851 711 1012 776 invenitur
1027 733 1122 794 quam
1136 732 1196 792 nq:
1220 715 1503 792 quotienscumque,
1524 732 1691 794 nunquam.

475 820 557 882 Ante
580 837 596 880 s
621 821 799 882 constanter
822 813 912 880 adest
933 836 955 876 u
977 814 1010 877 in
1033 814 1196 879 vocabulis
1219 814 1328 897 qualia
1342 819 1418 878 sunt
1432 819 1578 895 quotiens
1594 819 1711 879 uiciens

324 961 329 986 ι
365 925 578 1006 quadragiens
601 923 818 1001 quinqentiens
841 921 976 982 milliens
996 922 1185 982 oiceusinus
1206 921 1500 1000 quadragensimus.
1594 927 1602 948 ‘

473 1047 508 1090 ss
531 1023 621 1090 adest
641 1024 676 1088 in
699 1043 815 1086 caussa
838 1021 1031 1106 (composita
1051 1043 1206 1088 excusare
1234 1027 1265 1084 et
1292 1021 1412 1085 similia
1431 1021 1466 1086 in
1490 1024 1712 1087 commentario

366 1152 427 1196 non
450 1127 678 1214 reperiuntur),
709 1127 786 1192 item
814 1125 848 1189 in
872 1129 1030 1190 claussura
1052 1149 1076 1188 ιι
1092 1146 1131 1202 aa,
1162 1147 1234 1189 cum
1256 1132 1363 1190 tamen
1391 1127 1548 1191 scribatur
1572 1131 1713 1192 clausura

366 1261 387 1298 ιι
403 1254 441 1310 44,
471 1235 623 1296 inclusum
644 1255 667 1293 ιι
685 1249 723 1293 21.

472 1360 497 1400 a
519 1335 654 1418 simplex
676 1329 829 1420 reperitur
851 1332 1048 1417 plerumque,
1071 1334 1166 1398 etiam
1189 1335 1248 1399 ubi
1268 1336 1303 1398 in
1325 1336 1507 1419 compositis
1521 1336 1714 1400 conveniunt

364 1469 387 1509 a
409 1442 558 1506 claudens
582 1448 612 1503 et
634 1461 651 1503 s
673 1439 838 1524 incipiens
862 1443 899 1501 ut
920 1442 1049 1504 esiliam
1054 1462 1069 1547 q
1091 1439 1252 1505 invenitur
1274 1446 1380 1504 tamen
1394 1461 1436 1504 ns
1451 1440 1550 1504 bisin
1566 1444 1712 1504 sensisses

363 1558 394 1614 et
416 1551 625 1628 castisquere.

472 1673 489 1713 a
514 1656 545 1712 et
566 1671 582 1712 s
605 1647 763 1712 alternant
784 1644 818 1710 in
841 1648 1023 1710 Artacoade
1046 1647 1114 1710 sive
1136 1649 1325 1712 Artauasde.

474 1752 604 1818 Mutatio
633 1750 751 1814 vocalis
779 1749 945 1814 coniuncta
975 1771 1047 1814 cum
1074 1750 1298 1816 vocabulorum
1325 1751 1460 1816 ducrum
1487 1752 1713 1836 compositione

364 1881 426 1924 non
450 1859 632 1922 observatur
654 1854 688 1916 in
712 1855 923 1918 consecrandi
945 1853 1109 1918 vocabulo.

473 1958 668 2024 assimilatio
690 1958 724 2021 in
747 1956 971 2024 vocabulorum
993 1957 1218 2044 compositione
1240 1958 1333 2024 mado
1349 1959 1527 2025 admittitur
1540 1960 1637 2024 modo
1651 1981 1714 2024 non

364 2065 555 2132 admittitur:
579 2083 652 2126 nam
675 2061 791 2144 legitur
812 2064 1001 2126 immortalis
1025 2069 1057 2126 et
1079 2066 1229 2126 inmissus
1234 2086 1248 2138 ;
1275 2067 1455 2128 collaticiae
1479 2071 1511 2128 et
1532 2065 1634 2131 semel
1651 2069 1716 2130 col·

364 2175 489 2253 leqiurn,
520 2189 592 2230 cum
614 2165 784 2249 quinquies
806 2165 981 2249 reperiatur
1003 2169 1135 2247 conleqa
1157 2167 1225 2230 sive
1247 2169 1422 2249 conlegium
1426 2192 1441 2242 ;
1469 2171 1632 2249 accipere,
1663 2191 1714 2234 ac

363 2281 455 2350 citus,
482 2271 538 2336 sed
560 2274 752 2352 adsiqnure,·
776 2290 959 2351 oppressus.

468 2379 505 2442 lu
528 2374 736 2442 declinatione
759 2393 852 2438 casus
879 2373 1005 2456 antiqui
1032 2374 1136 2438 ineis
1165 2373 1322 2439 habentur
1348 2373 1398 2438 hi:
1430 2377 1608 2442 Dalmateis
1635 2399 1710 2456 νιος

363 2485 516 2548 emeriter's
534 2497 627 2555 111303
649 2480 834 2560 quodriqeis
850 2500 882 2538 ιι·
897 2489 938 2552 aa,
959 2498 1033 2541 cum
1053 2477 1345 2561 frequentissimum
1369 2480 1461 2543 sitis
1485 2488 1568 2546 certe
1590 2481 1625 2549 in
1649 2483 1714 2548 dat.

363 2587 427 2652 abl.
441 2585 522 2670 plur.
547 2581 711 2659 secundae,
735 2603 808 2646 nam
831 2580 931 2646 dativi
953 2580 1086 2645 ablativi
1099 2582 1181 2666 plur.
1203 2582 1325 2667 primae
1346 2583 1491 2668 exempla
1506 2585 1651 2652 alienon
1665 2589 1715 2652 in-
1785 2657 1786 2682 q

363 2691 541 2755 veniuntur.
571 2723 611 2732 -·
641 2686 680 2748 In
707 2685 817 2749 tertiae
844 2684 962 2768 plurali
985 2688 1013 2749 ir
1036 2685 1191 2770 reperitur
1210 2687 1246 2750 in
1268 2686 1336 2750 his:
1367 2692 1493 2770 aqenlir
1524 2711 1560 2754 ur
1573 2711 1605 2768 ις
1642 2715 1714 2757 acn-

363 2797 442 2858 sulis
466 2812 547 2868 11123
582 2792 810 2866 currulis1213
845 2792 918 2870 finis
944 2809 1021 2869 ves;
1060 2793 1159 2853 omnis
1183 2811 1263 2869 vsa;
1295 2794 1401 2873 pluris
1428 2813 1492 2857 raa.
1522 2814 1609 2860 rvls.
1653 2800 1715 2861 Ac-

363 2895 497 2962 cusativi
519 2901 594 2958 aunt
616 2913 723 2958 omnes
747 2901 876 2978 excepto
899 2893 1096 2961 nominativo.
1112 2898 1217 2976 pluris
1241 2919 1274 2956 rr
1288 2915 1327 2960 ss.
1373 2896 1583 2980 Frequentius
1606 2907 1713 2968 tamen

362 3003 455 3066 etiam
478 3001 511 3064 in
534 2998 711 3062 accusativo
733 3006 781 3062 est
800 3019 856 3072 es;
878 2997 924 3062 ita
946 2997 1081 3079 legimus
1098 2999 1199 3064 etiam
1220 3003 1364 3065 consules
1386 3006 1418 3064 et
1436 3006 1526 3083 fines,
1548 3013 1715 3087 praeterea

291 3127 293 3142 ⁴
363 3109 513 3182 labentes,
538 3106 643 3178 aens,
666 3109 921 3184 perteneat-
946 3102 1092 3167 Genetivi
1111 3103 1245 3188 pluralis
1270 3105 1426 3169 secundae
1449 3110 1603 3173 contracti
1625 3133 1712 3197 repe

264 3282 269 3288 ¹
362 3211 485 3274 riuntur
506 3209 556 3272 hi:
580 3209 752 3284 denarium,
776 3209 875 3284 deum,
897 3228 1058 3284 nummum,
1081 3212 1271 3285 sestertium,
1294 3208 1431 3293 denique
1453 3211 1587 3276 fortasse
1604 3221 1714 3281 trians-

361 3319 472 3394 oirarn,
495 3333 566 3376 cum
587 3334 620 3372 ιν
635 3329 664 3374 ss
687 3311 729 3375 sit
743 3315 938 3379 rvoircrum.
955 3349 998 3360 —-
1015 3313 1140 3377 Tertiae
1155 3314 1293 3395 genetivi
1308 3313 1442 3398 pluralis
1457 3315 1491 3378 in
1507 3321 1571 3380 iura
1584 3321 1714 3386 nullum

362 3416 541 3500 exemplum
556 3415 614 3478 hoc
637 3415 704 3480 loco
728 3416 889 3481 citandum
912 3423 962 3482 cst
982 3423 1105 3501 praeter
1126 3421 1300 3485 ciuitatium
1316 3426 1348 3482 et
1363 3422 1535 3487 Penatium.
1553 3460 1596 3470 -
1616 3427 1714 3502 Quar-

361 3530 410 3586 tae
434 3518 652 3586 declinationis
675 3519 828 3584 habemus
851 3521 1030 3603 genetivum
1054 3522 1246 3606 singularem
1261 3533 1402 3600 senatus,
1427 3527 1626 3592 accusativos
1642 3531 1712 3615 plu-

360 3625 442 3691 rales
466 3627 586 3699 laurus,
610 3626 817 3702 mnqistratnr
840 3624 1047 3708 sequiturque
1069 3626 1134 3688 lere
1149 3627 1274 3708 regulas
1289 3626 1446 3708 vulgares,
1469 3629 1533 3693 nisi
1556 3633 1645 3714 quod
1660 3655 1711 3718 ge—

361 3729 464 3794 netivo
493 3725 610 3813 plurali
639 3731 689 3790 est
711 3729 890 3790 exercitum.
912 3767 955 3778 -
984 3728 1153 3811 Peregrina
1179 3729 1308 3794 nomina
1335 3737 1511 3814 sequuntur
1537 3733 1606 3798 fore
1629 3758 1709 3802 ccm-

361 3853 489 3898 munem
510 3831 652 3913 regulam
674 3829 885 3913 scribiturque
908 3832 1051 3914 genetivo
1072 3836 1265 3898 Artavasdis
1285 3837 1519 3902 Ariobarzanis
1546 3841 1711 3922 Tigranis,

361 3936 536 4002 accusativo
555 3937 720 4014 Tigranem
746 3935 885 3998 Tanaim.

469 4040 505 4104 In
529 4037 744 4118 coniugatione
772 4037 854 4102 nihil
883 4039 1008 4123 repperi
1037 4041 1255 4105 observatione
1284 4041 1416 4124 dignum
1444 4053 1568 4128 praeter
1592 4050 1712 4118 formas

360 4154 424 4209 tam
446 4143 558 4228 plenas
581 4162 675 4224 quam
699 4148 873 4208 contractos
896 4144 1028 4229 perlecti
1049 4149 1290 4227 appellauerunt
1306 4159 1515 4228 occupauerat
1535 4157 1711 4238 petierunt,

359 4247 495 4330 denique
517 4247 607 4326 lune
629 4245 727 4309 semel
748 4247 898 4330 positum,
923 4269 995 4314 cum
1016 4251 1143 4330 fuerunt
1166 4257 1199 4315 et
1220 4251 1338 4315 similia
1361 4273 1454 4337 saepe
1475 4253 1694 4326 inveniantur.

460 4349 558 4415 ‹Addo
581 4348 753 4431 singularia
775 4351 867 4417 haec:

507 4457 547 4517 ab
570 4473 633 4516 non
655 4455 810 4539 reperitur
831 4455 896 4521 nisi
918 4464 991 4522 ante
1013 4457 1153 4522 vocalem
1176 4459 1226 4523 val
1250 4464 1269 4522 lr
1292 4459 1439 4526 litteram.

508 4580 548 4621 en
570 4564 747 4622 constanter
770 4566 949 4644 usurpatur,
973 4581 1147 4642 numquam
1170 4583 1196 4624 e.

508 4665 607 4725 banos
631 4683 685 4745 per
708 4684 734 4726 s.

507 4769 665 4831 incohare.
696 4761 697 4772 ¹
