3734 5517
746 377 930 444 111,-tt-28
1451 370 1454 376 ’
1471 377 1512 444 41

160 553 300 619 Autome
327 552 484 618 &merent
513 551 601 633 (robe
627 553 745 638 δήμους
765 552 836 622 coloe
863 552 896 617 ie
922 557 961 638 *i
981 551 1093 638 Ἰταλία
1122 553 1192 623 τοὺς
1220 553 1257 618 τὰ
1284 558 1336 618 τοῦ
1359 552 1514 620 Ἀντωνίου

160 659 369 744 φρονήσαντας
396 656 543 727 ἐξοικίσας
569 661 631 726 coir
659 659 852 744 στρατιώταις
877 658 932 727 τάς
957 677 991 720 τε
1018 655 1122 726 πόλεις
1148 657 1200 720 καὶ
1227 657 1264 720 τὰ
1293 658 1391 744 χωρία
1418 657 1515 722 αὐτῶν

160 761 362 847 ἐχαρίσατο),
392 760 525 844 reliquis
552 760 688 846 pecunia
713 759 926 837 satisfaceret,
956 757 1118 825 veteribus
1149 767 1254 825 sutem
1281 761 1517 845 possessoribus

158 863 283 929 Italicis
303 863 421 948 partim
435 863 603 948 Dyrrachii
618 871 650 927 et
664 861 823 948 Philippis
846 859 987 947 alibique
1009 863 1042 926 in
1065 857 1237 947 prouinciis
1257 881 1347 947 agros
1361 863 1515 941 redderet,

158 968 280 1054 partim
306 966 476 1052 pecundum
502 985 559 1052 pro
588 967 672 1050 egris
700 964 914 1052 promitteret,
945 987 1026 1050 quae
1057 966 1193 1052 pecunia
1214 974 1285 1053 post
1307 974 1431 1053 captam
1457 970 1518 1032 Ae·

160 1078 294 1157 gyptum
321 1071 450 1136 demum
477 1071 639 1156 persoluta
666 1079 725 1137 est.
776 1071 932 1136 Similiter
954 1069 1083 1136 Orosius
1099 1073 1129 1148 6,
1149 1073 1204 1135 19:
1236 1071 1373 1153 comer,
1400 1070 1516 1154 inquit,

160 1186 309 1259 questas·
331 1175 443 1241 ooacrd
463 1173 667 1241 Brundisium
688 1179 775 1242 accit
795 1179 901 1258 ibique
924 1178 1013 1241 orbis
1038 1185 1194 1240 terrorum
1212 1176 1382 1257 praesidia
1403 1177 1517 1240 divisis

160 1281 341 1361 legiooilmc
364 1283 550 1362 composuit.
583 1277 737 1365 Spectant
751 1278 889 1363 denique
903 1279 966 1344 huc
981 1279 1198 1345 adnotationes
1214 1278 1294 1344 duae
1309 1279 1517 1355 Eusebianos,

160 1383 333 1448 collocatae
361 1403 418 1448 ece
448 1383 578 1468 quidem
605 1383 674 1448 loco
695 1402 760 1447 non
789 1403 857 1460 suo,
886 1382 928 1447 de
957 1382 1088 1448 coloniis
1118 1381 1261 1448 deductis
1289 1401 1317 1446 a.
1334 1382 1398 1448 722
1432 1383 1518 1465 (Au-

159 1486 248 1570 gusti
264 1487 304 1550 11
321 1484 419 1564 Hier,
447 1484 608 1570 Armis)
631 1492 664 1550 et
687 1505 716 1553 c.
733 1487 796 1550 727
821 1485 979 1569 (Augusti
996 1488 1036 1550 16
1052 1485 1150 1563 llier,
1177 1487 1217 1552 18
1233 1485 1348 1570 Arm).
1395 1485 1517 1550 Gertius

160 1595 271 1654 cutem
297 1596 330 1656 et
350 1589 545 1654 luculentius
566 1607 664 1672 quam
684 1607 791 1654 rerum
812 1589 981 1675 scriptores
1003 1607 1071 1654 rem
1094 1589 1244 1674 patefacit
1265 1595 1372 1655 auctor
1398 1607 1518 1672 groma-

158 1693 245 1758 ticus
267 1691 414 1777 Hyginus
436 1693 477 1758 de
498 1692 566 1758 lim.
589 1712 621 1777 p.
637 1695 698 1756 177
722 1691 865 1757 boehm:
891 1687 984 1758 diem
1006 1695 1168 1776 depastus
1190 1691 1390 1779 [postquam]
1411 1693 1519 1772 adcip-

158 1799 253 1861 cucit
272 1799 347 1862 ordi
368 1807 527 1862 menam
545 1815 658 1880 pacem
686 1796 742 1877 (id
769 1803 818 1861 est
839 1803 912 1882 post
931 1796 1125 1865 debellatum
1145 1796 1326 1896 Ananiam.
1341 1787 1520 1878 'Ianumque

159 1901 318 1978 clausum,
342 1921 373 1966 v.
390 1901 430 1966 ad
445 1904 476 1979 6,
496 1902 563 1986 13),
585 1904 757 1978 emrcitoo,
779 1902 835 1982 qai
857 1910 913 1965 ost
934 1903 994 1966 cub
1009 1904 1149 1967 Antonio
1171 1910 1227 1966 out
1249 1901 1307 1984 soh
1323 1901 1443 1982 Lepido
1464 1900 1519 1962 mi·
1538 1967 1547 1985 ρ

159 2007 338 2072 litaverant
356 2005 413 2089 (ei.
427 2003 488 2069 Dio
503 2006 557 2082 ⁵1,
574 2005 594 2068 3
608 2002 725 2087 initio),
746 2007 874 2085 pariter
891 2013 926 2068 ⁴et
941 2025 1073 2068 mamm
1086 2007 1241 2084 legiomim
1255 2005 1372 2067 milites
1387 1993 1520 2068 achaeo

158 2111 239 2190 fecit
260 2111 347 2174 alios
370 2111 405 2172 ia
428 2109 529 2172 ltalia
551 2109 638 2172 alios
660 2109 695 2170 ia
714 2108 913 2189 provinciis:
940 2097 1126 2189 quibusdum
1149 2109 1261 2170 deletis
1284 2109 1421 2172 hostiens
1441 2109 1521 2170 cici·

160 2215 283 2276 tardas
306 2230 408 2276 moos
431 2212 527 2274 arbes
548 2212 735 2284 constitum
762 2212 917 2291 quosdam
940 2213 974 2274 io
1002 2212 1161 2275 seraitae
1185 2211 1315 2292 oppidis
1335 2211 1467 2273 deducit
1489 2217 1520 2274 et

159 2317 294 2380 colonos
316 2317 510 2388 comm,
532 2315 608 2378 illos
631 2332 753 2395 qaoque
772 2316 869 2378 ctos
892 2327 973 2396 pose
996 2316 1148 2379 deductae
1162 2335 1184 2378 o
1198 2307 1326 2395 repihos
1346 2323 1402 2377 eat
1417 2315 1521 2378 diota-

159 2421 287 2484 tcrc‘lme
308 2421 450 2501 fanoni,
478 2436 559 2499 poor
583 2419 734 2480 teocam
755 2413 897 2483 doilicm
916 2420 1111 2484 intueantur
1135 2419 1337 2495 eadouserot,
1362 2419 1438 2482 doto
1461 2420 1520 2482 ite-

158 2543 231 2587 rm
252 2525 399 2587 micatus
420 2524 543 2586 comice
564 2539 694 2588 cucero
710 2523 823 2585 αἰυίααι
837 2523 1017 2603 esopliooit,
1041 2524 1196 2604 quosdam
1211 2531 1242 2586 et
1256 2524 1381 2604 finitas.
1419 2522 1521 2604 Agros

158 2626 259 2710 igihrr
281 2624 478 2710 comparavit
499 2622 663 2707 Augustus
692 2623 812 2709 duplici
839 2623 948 2690 modos
978 2630 1035 2690 aut
1057 2625 1292 2710 possessoribus
1316 2624 1372 2708 qui
1394 2625 1523 2690 fuerunt

159 2727 306 2815 expulsis
332 2746 418 2792 nora
442 2725 562 2813 oppida
587 2727 761 2805 constituit,
792 2735 848 2792 aut
874 2734 964 2813 parte
992 2719 1118 2794 mutum
1142 2727 1209 2812 agri
1231 2727 1380 2814 adempta
1400 2737 1522 2796 certum

157 2853 331 2898 numerum
351 2831 493 2898 militum
513 2831 555 2896 ad
571 2833 725 2916 antiquos
747 2851 944 2917 possessores
968 2832 1147 2918 adscripsit,
1169 2832 1203 2898 id
1227 2833 1311 2917 quod
1332 2833 1428 2899 etiam
1449 2839 1523 2919 post

159 2937 285 3002 bellum
300 2935 445 3000 Siculum
462 2936 580 3000 fecerat
594 2936 720 3022 Capuae
743 2935 896 3020 (testibus
910 2934 1032 3002 Velleio
1049 2937 1079 3014 2,
1097 2939 1155 3017 813
1179 2935 1284 3003 Plinio
1302 2941 1352 3015 18,
1372 2941 1422 3016 11,
1441 2939 1519 3017 1143

157 3042 263 3106 Dione
278 3041 333 3117 49,
356 3040 413 3123 14)
435 3045 470 3104 et
494 3037 585 3122 Regii
613 3040 689 3105 Iulii
717 3041 813 3125 (teste
835 3039 991 3104 Strabone
1015 3043 1045 3118 6,
1064 3044 1092 3118 1,
1110 3043 1129 3106 6
1153 3062 1184 3127 ρ.
1198 3042 1288 3126 259).
1342 3041 1422 3106 Tam
1443 3041 1521 3106 haec

159 3152 270 3210 anum
295 3141 417 3229 oppida
443 3163 539 3227 quam
561 3143 621 3208 illa
648 3144 788 3209 colonias
819 3145 1001 3230 appellavit.
1048 3143 1158 3228 Neque
1180 3145 1239 3208 hoc
1267 3142 1353 3207 solus
1376 3143 1520 3227 Hyginus

158 3249 275 3326 tradit,
306 3248 364 3313 md
384 3249 556 3313 confirmet.
571 3247 642 3332 ipse
663 3249 844 3330 Augustus,
872 3269 973 3334 supra
995 3249 1088 3326 3,1u
1112 3247 1305 3332 triumphale
1327 3246 1522 3330 congiarium

158 3374 257 3418 snum
280 3373 309 3418 a
326 3352 392 3418 idi
415 3351 576 3437 accepisse
597 3351 740 3416 scribens
763 3354 797 3415 ic
821 3354 958 3416 colomis
985 3351 1124 3417 militum
1147 3371 1276 3416 suorum
1297 3349 1441 3416 homines
1464 3350 1522 3414 cir-

157 3457 242 3523 citer
266 3475 335 3525 cxx
351 3455 458 3536 milia3
481 3455 559 3520 haec
581 3455 667 3520 enim
688 3455 787 3520 verba
807 3455 1050 3540 explicationem
1072 3475 1135 3520 non
1157 3455 1285 3532 habent,
1314 3455 1379 3521 nisi
1406 3455 1523 3542 oppida

157 3559 280 3638 omnia,
304 3578 368 3643 quo
391 3558 519 3624 deducti
540 3565 617 3623 snut
631 3558 752 3623 Actiaci
775 3558 904 3636 milites,
929 3559 1070 3624 coloniae
1092 3581 1207 3625 nornen
1231 3565 1427 3645 acceperunt.
1464 3543 1523 3623 All

157 3671 268 3729 terum
290 3683 390 3747 genus
412 3662 533 3748 optime
553 3663 716 3727 illustrant
736 3660 825 3727 tituli
839 3663 989 3741 Atestini,
1014 3663 1071 3747 qui
1093 3683 1166 3728 cum
1189 3651 1268 3729 alios
1291 3669 1454 3727 veteranos
1477 3661 1522 3726 le·

158 3767 266 3850 monis
285 3787 321 3833 xo
345 3765 466 3831 tribum
484 3766 699 3830 Atestinorum
711 3765 881 3831 Romiliam
895 3764 1050 3831 habentes
1065 3763 1405 3832 nominant‘dctiaccs'
1424 3766 1522 3852 (Hen-

158 3893 222 3936 zen
235 3871 351 3953 6671),
371 3877 442 3936 turn
457 3872 498 3935 dl.
509 3871 676 3935 Billienum
691 3873 732 3934 M.
746 3874 771 3953 f.
785 3873 872 3936 Rom.
887 3873 1052 3936 Actiacam
1067 3875 1189 3953 legione
1207 3889 1248 3949 XJ,
1272 3872 1398 3950 proelio
1412 3873 1522 3936 ooocli

156 3979 254 4057 fecto
268 3977 302 4038 in
322 3977 480 4039 coloniam
492 3977 667 4056 demtum,
689 3979 732 4038 ab
753 3977 865 4038 ordine
885 3977 1083 4039 decurionem
1098 3977 1242 4038 ottocaro
1256 3973 1521 4060 (Henzenooou).

159 4077 310 4156 Quodsi
339 4097 391 4141 res
413 4076 544 4162 publice
565 4079 690 4155 Ateste,
719 4092 802 4160 quac
824 4079 927 4141 fuerat
955 4084 1043 4153 ante,
1075 4077 1179 4141 soluta
1200 4089 1285 4144 esset
1312 4099 1456 4162 novaque
1483 4099 1522 4143 ex

158 4183 242 4246 solis
265 4180 385 4247 colonis
407 4181 588 4256 constitute,
613 4180 784 4245 Billienum
808 4181 894 4244 hunc
916 4179 991 4245 ordo
1013 4196 1076 4244 non
1091 4187 1181 4245 extra
1195 4181 1337 4247 ordinem
1353 4181 1524 4266 adlegisset

160 4284 386 4360 decurionem,
419 4284 474 4348 sed
506 4285 589 4349 inter
619 4284 744 4348 colonos
773 4284 951 4368 adscriptus
980 4283 1072 4347 solito
1100 4305 1187 4366 more
1217 4285 1256 4350 ad
1285 4285 1524 4352 decurionatum

156 4388 377 4476 pervenisset3
400 4395 510 4455 contra
522 4394 671 4454 manente
692 4389 870 4473 republica
884 4387 1004 4454 colonis
1019 4388 1110 4453 novis
1126 4389 1305 4475 adscriptis,
1328 4389 1522 4454 honestiores

157 4513 276 4558 eorum
299 4493 339 4557 ad
363 4493 545 4579 exemplum
566 4485 782 4558 honestiorum
804 4481 980 4557 incolarum
1003 4491 1036 4556 in
1053 4492 1194 4558 ordinem
1215 4477 1351 4558 adscitos
1367 4513 1435 4556 esse
1451 4512 1523 4556 con·

157 4605 356 4664 sentuosum
385 4602 442 4663 est
500 4595 644 4662 Putcrim
672 4601 780 4661 autem
806 4595 985 4660 seeundum
1012 4615 1111 4680 genus
1139 4596 1174 4660 iu
1196 4596 1299 4662 Italia
1317 4601 1400 4660 certe
1421 4595 1523 4660 multo

156 4702 265 4766 latius
278 4700 422 4786 patuisse
436 4699 549 4785 priore,
569 4700 648 4765 licet
658 4699 720 4766 Dio
735 4699 928 4767 contrarium
942 4699 1075 4766 suadere
1091 4701 1249 4780 videatur3
1271 4719 1347 4766 nam
1362 4705 1395 4766 et
1408 4683 1523 4764 melius

158 4804 316 4871 masenii
342 4803 610 4885 administrationi
645 4823 750 4868 rerum
784 4804 1001 4889 publicarum,
1036 4805 1164 4888 qualem
1192 4803 1356 4888 Augustus
1384 4802 1524 4870 instituit
