<?xml version="1.0" encoding="UTF-8"?>
<!DOCTYPE html PUBLIC "-//W3C//DTD XHTML 1.0 Transitional//EN"
    "http://www.w3.org/TR/xhtml1/DTD/xhtml1-transitional.dtd">
<html xmlns="http://www.w3.org/1999/xhtml" xml:lang="en" lang="en">
 <head>
  <title>
</title>
<meta http-equiv="Content-Type" content="text/html;charset=utf-8" />
  <meta name='ocr-system' content='tesseract 3.04.00' />
  <meta name='ocr-capabilities' content='ocr_page ocr_carea ocr_par ocr_line ocrx_word'/>
</head>
<body>
  <div class='ocr_page' id='page_1' title='image "./resgestaediviau01augugoog_0017.png"; bbox 0 0 3734 5517; ppageno 0'>
   <div class='ocr_carea' id='block_1_1' title="bbox 564 652 1151 761">
    <p class='ocr_par' dir='ltr' id='par_1_1' title="bbox 564 652 1151 761">
     <span class='ocr_line' id='line_1_1' title="bbox 564 652 1151 761; baseline -0.005 -16"><span class='ocrx_word' id='word_1_1' title='bbox 564 688 587 745; x_wconf 91' lang='lat'><strong>1.</strong></span> <span class='ocrx_word' id='word_1_2' title='bbox 628 684 926 761; x_wconf 73' lang='lat' dir='ltr'><strong>evssnevmus</strong></span> <span class='ocrx_word' id='word_1_3' title='bbox 946 652 1151 745; x_wconf 76' lang='grc'><strong>11111111.</strong></span> 
     </span>
    </p>
   </div>
   <div class='ocr_carea' id='block_1_2' title="bbox 182 832 1539 1961">
    <p class='ocr_par' dir='ltr' id='par_1_2' title="bbox 182 832 1539 1858">
     <span class='ocr_line' id='line_1_2' title="bbox 291 832 1535 920; baseline 0.002 -23"><span class='ocrx_word' id='word_1_4' title='bbox 291 832 554 917; x_wconf 86' lang='lat' dir='ltr'><strong>Busbequienum</strong></span> <span class='ocrx_word' id='word_1_5' title='bbox 577 834 759 920; x_wconf 87' lang='lat' dir='ltr'><strong>exemplum</strong></span> <span class='ocrx_word' id='word_1_6' title='bbox 787 834 834 899; x_wconf 87' lang='lat' dir='ltr'><strong>ita</strong></span> <span class='ocrx_word' id='word_1_7' title='bbox 863 842 1029 919; x_wconf 88' lang='lat' dir='ltr'><strong>exceptum</strong></span> <span class='ocrx_word' id='word_1_8' title='bbox 1052 854 1138 911; x_wconf 91' lang='lat' dir='ltr'><strong>esse,</strong></span> <span class='ocrx_word' id='word_1_9' title='bbox 1169 840 1206 899; x_wconf 90' lang='lat' dir='ltr'><strong>nt</strong></span> <span class='ocrx_word' id='word_1_10' title='bbox 1227 855 1266 898; x_wconf 90' lang='lat' dir='ltr'><strong>ex</strong></span> <span class='ocrx_word' id='word_1_11' title='bbox 1288 836 1465 920; x_wconf 91' lang='lat' dir='ltr'><strong>Busbequii</strong></span> <span class='ocrx_word' id='word_1_12' title='bbox 1487 856 1535 900; x_wconf 81' lang='lat' dir='ltr'><strong>co</strong></span> 
     </span>
     <span class='ocr_line' id='line_1_3' title="bbox 182 936 1536 1023; baseline 0.002 -22"><span class='ocrx_word' id='word_1_13' title='bbox 182 936 314 1001; x_wconf 89' lang='lat' dir='ltr'><strong>mitibus</strong></span> <span class='ocrx_word' id='word_1_14' title='bbox 345 937 402 1002; x_wconf 88' lang='lat' dir='ltr'><strong>alii</strong></span> <span class='ocrx_word' id='word_1_15' title='bbox 430 937 526 1003; x_wconf 86' lang='lat' dir='ltr'><strong>aliam</strong></span> <span class='ocrx_word' id='word_1_16' title='bbox 554 938 704 1023; x_wconf 88' lang='lat' dir='ltr'><strong>paginam</strong></span> <span class='ocrx_word' id='word_1_17' title='bbox 733 937 967 1014; x_wconf 77' lang='lat' dir='ltr'><strong>describerent,</strong></span> <span class='ocrx_word' id='word_1_18' title='bbox 998 937 1133 1003; x_wconf 83' lang='lat' dir='ltr'><strong>efficitur</strong></span> <span class='ocrx_word' id='word_1_19' title='bbox 1160 958 1199 1001; x_wconf 90' lang='lat' dir='ltr'><strong>ex</strong></span> <span class='ocrx_word' id='word_1_20' title='bbox 1227 938 1427 1005; x_wconf 71' lang='lat' dir='ltr'><strong>adnotatione</strong></span> <span class='ocrx_word' id='word_1_21' title='bbox 1449 940 1536 1004; x_wconf 89' lang='lat' dir='ltr'><strong>Belsi</strong></span> 
     </span>
     <span class='ocr_line' id='line_1_4' title="bbox 183 1040 1536 1127; baseline 0.002 -22"><span class='ocrx_word' id='word_1_22' title='bbox 183 1042 225 1124; x_wconf 86' lang='lat' dir='ltr'><strong>(v.</strong></span> <span class='ocrx_word' id='word_1_23' title='bbox 255 1043 352 1126; x_wconf 90' lang='lat' dir='ltr'><strong>mex)</strong></span> <span class='ocrx_word' id='word_1_24' title='bbox 380 1041 420 1105; x_wconf 88' lang='lat' dir='ltr'><strong>ad</strong></span> <span class='ocrx_word' id='word_1_25' title='bbox 448 1040 599 1127; x_wconf 78' lang='lat' dir='ltr'><strong>paginam</strong></span> <span class='ocrx_word' id='word_1_26' title='bbox 626 1041 769 1106; x_wconf 84' lang='lat' dir='ltr'><strong>tertiam:</strong></span> <span class='ocrx_word' id='word_1_27' title='bbox 796 1041 887 1106; x_wconf 80' lang='lat' dir='ltr'><strong>‘ueta</strong></span> <span class='ocrx_word' id='word_1_28' title='bbox 910 1043 950 1105; x_wconf 87' lang='lat' dir='ltr'><strong>D.</strong></span> <span class='ocrx_word' id='word_1_29' title='bbox 974 1042 1227 1117; x_wconf 76' lang='lat' dir='ltr'><strong>llumcbuume,</strong></span> <span class='ocrx_word' id='word_1_30' title='bbox 1256 1046 1339 1107; x_wconf 83' lang='lat' dir='ltr'><strong>tuuc</strong></span> <span class='ocrx_word' id='word_1_31' title='bbox 1365 1048 1397 1107; x_wconf 80' lang='lat'><strong>3.</strong></span> <span class='ocrx_word' id='word_1_32' title='bbox 1423 1047 1536 1108; x_wconf 83' lang='lat' dir='ltr'><strong>tineam</strong></span> 
     </span>
     <span class='ocr_line' id='line_1_5' title="bbox 184 1145 1536 1231; baseline 0.003 -22"><span class='ocrx_word' id='word_1_33' title='bbox 184 1146 356 1228; x_wconf 77' lang='lat' dir='ltr'><strong>(pagiuam</strong></span> <span class='ocrx_word' id='word_1_34' title='bbox 377 1145 540 1231; x_wconf 85' lang='lat' dir='ltr'><strong>intellege)</strong></span> <span class='ocrx_word' id='word_1_35' title='bbox 569 1168 615 1209; x_wconf 89' lang='lat' dir='ltr'><strong>me</strong></span> <span class='ocrx_word' id='word_1_36' title='bbox 638 1149 742 1228; x_wconf 84' lang='lat' dir='ltr'><strong>ipsum</strong></span> <span class='ocrx_word' id='word_1_37' title='bbox 764 1149 925 1212; x_wconf 86' lang='lat' dir='ltr'><strong>laboriose</strong></span> <span class='ocrx_word' id='word_1_38' title='bbox 949 1149 1171 1228; x_wconf 71' lang='lat' dir='ltr'><strong>descripsisse,</strong></span> <span class='ocrx_word' id='word_1_39' title='bbox 1201 1168 1268 1211; x_wconf 82' lang='lat' dir='ltr'><strong>cusu</strong></span> <span class='ocrx_word' id='word_1_40' title='bbox 1290 1151 1349 1213; x_wconf 83' lang='lat' dir='ltr'><strong>ulii</strong></span> <span class='ocrx_word' id='word_1_41' title='bbox 1373 1152 1449 1213; x_wconf 84' lang='lat' dir='ltr'><strong>otiis</strong></span> <span class='ocrx_word' id='word_1_42' title='bbox 1472 1152 1536 1213; x_wconf 84' lang='lat' dir='ltr'><strong>dis-</strong></span> 
     </span>
     <span class='ocr_line' id='line_1_6' title="bbox 184 1248 1536 1339; baseline 0.003 -26"><span class='ocrx_word' id='word_1_43' title='bbox 184 1253 328 1314; x_wconf 77' lang='lat' dir='ltr'><strong>tributim</strong></span> <span class='ocrx_word' id='word_1_44' title='bbox 351 1272 513 1331; x_wconf 72' lang='lat' dir='ltr'><strong>egeremus</strong></span> <span class='ocrx_word' id='word_1_45' title='bbox 539 1253 685 1333; x_wconf 70' lang='lat' dir='ltr'><strong>efficium.</strong></span> <span class='ocrx_word' id='word_1_46' title='bbox 737 1248 830 1315; x_wconf 87' lang='lat' dir='ltr'><strong>Unde</strong></span> <span class='ocrx_word' id='word_1_47' title='bbox 857 1270 921 1314; x_wconf 91' lang='lat' dir='ltr'><strong>non</strong></span> <span class='ocrx_word' id='word_1_48' title='bbox 943 1251 1059 1314; x_wconf 85' lang='lat' dir='ltr'><strong>mirum</strong></span> <span class='ocrx_word' id='word_1_49' title='bbox 1088 1257 1137 1315; x_wconf 92' lang='lat' dir='ltr'><strong>est</strong></span> <span class='ocrx_word' id='word_1_50' title='bbox 1164 1250 1306 1315; x_wconf 90' lang='lat' dir='ltr'><strong>diversos</strong></span> <span class='ocrx_word' id='word_1_51' title='bbox 1329 1252 1536 1339; x_wconf 88' lang='lat' dir='ltr'><strong>descriptores</strong></span> 
     </span>
     <span class='ocr_line' id='line_1_7' title="bbox 182 1352 1538 1439; baseline 0.004 -22"><span class='ocrx_word' id='word_1_52' title='bbox 182 1374 251 1419; x_wconf 91' lang='lat' dir='ltr'><strong>rem</strong></span> <span class='ocrx_word' id='word_1_53' title='bbox 273 1354 444 1439; x_wconf 82' lang='lat' dir='ltr'><strong>perfecisse</strong></span> <span class='ocrx_word' id='word_1_54' title='bbox 467 1376 616 1419; x_wconf 90' lang='lat' dir='ltr'><strong>successu</strong></span> <span class='ocrx_word' id='word_1_55' title='bbox 646 1352 817 1418; x_wconf 87' lang='lat' dir='ltr'><strong>admodum</strong></span> <span class='ocrx_word' id='word_1_56' title='bbox 839 1352 980 1418; x_wconf 60' lang='lat' dir='ltr'><strong>diverses</strong></span> <span class='ocrx_word' id='word_1_57' title='bbox 1009 1375 1084 1417; x_wconf 88' lang='lat' dir='ltr'><strong>nam</strong></span> <span class='ocrx_word' id='word_1_58' title='bbox 1111 1353 1228 1439; x_wconf 88' lang='lat' dir='ltr'><strong>pagina</strong></span> <span class='ocrx_word' id='word_1_59' title='bbox 1255 1355 1350 1420; x_wconf 88' lang='lat' dir='ltr'><strong>tertia</strong></span> <span class='ocrx_word' id='word_1_60' title='bbox 1371 1356 1538 1421; x_wconf 85' lang='lat' dir='ltr'><strong>exhibetur</strong></span> 
     </span>
     <span class='ocr_line' id='line_1_8' title="bbox 184 1456 1538 1543; baseline 0.004 -22"><span class='ocrx_word' id='word_1_61' title='bbox 184 1460 323 1541; x_wconf 87' lang='lat' dir='ltr'><strong>integra,</strong></span> <span class='ocrx_word' id='word_1_62' title='bbox 355 1468 467 1541; x_wconf 89' lang='lat' dir='ltr'><strong>quarta</strong></span> <span class='ocrx_word' id='word_1_63' title='bbox 496 1458 618 1542; x_wconf 83' lang='lat' dir='ltr'><strong>integra</strong></span> <span class='ocrx_word' id='word_1_64' title='bbox 640 1456 866 1543; x_wconf 91' lang='lat' dir='ltr'><strong>propemodum</strong></span> <span class='ocrx_word' id='word_1_65' title='bbox 890 1458 934 1541; x_wconf 88' lang='lat' dir='ltr'><strong>(v.</strong></span> <span class='ocrx_word' id='word_1_66' title='bbox 947 1456 1071 1521; x_wconf 85' lang='lat'>1-30.</span> <span class='ocrx_word' id='word_1_67' title='bbox 1089 1458 1140 1521; x_wconf 87' lang='lat'><strong>38.</strong></span> <span class='ocrx_word' id='word_1_68' title='bbox 1158 1458 1331 1543; x_wconf 80' lang='lat'><strong>40-54),</strong></span> <span class='ocrx_word' id='word_1_69' title='bbox 1359 1466 1396 1524; x_wconf 94' lang='lat' dir='ltr'><strong>ut</strong></span> <span class='ocrx_word' id='word_1_70' title='bbox 1418 1461 1457 1525; x_wconf 90' lang='lat' dir='ltr'><strong>de</strong></span> <span class='ocrx_word' id='word_1_71' title='bbox 1478 1461 1538 1526; x_wconf 89' lang='lat' dir='ltr'><strong>hae</strong></span> 
     </span>
     <span class='ocr_line' id='line_1_9' title="bbox 185 1563 1539 1645; baseline 0 -18"><span class='ocrx_word' id='word_1_72' title='bbox 185 1564 261 1627; x_wconf 86' lang='lat' dir='ltr'><strong>adeo</strong></span> <span class='ocrx_word' id='word_1_73' title='bbox 277 1563 439 1627; x_wconf 87' lang='lat' dir='ltr'><strong>adscribat</strong></span> <span class='ocrx_word' id='word_1_74' title='bbox 453 1563 582 1627; x_wconf 90' lang='lat' dir='ltr'><strong>Belsus:</strong></span> <span class='ocrx_word' id='word_1_75' title='bbox 598 1571 676 1628; x_wconf 81' lang='grc'><strong>1010</strong></span> <span class='ocrx_word' id='word_1_76' title='bbox 691 1564 751 1627; x_wconf 84' lang='grc'><strong>100</strong></span> <span class='ocrx_word' id='word_1_77' title='bbox 766 1564 849 1626; x_wconf 87' lang='lat' dir='ltr'><strong>serie</strong></span> <span class='ocrx_word' id='word_1_78' title='bbox 864 1582 921 1626; x_wconf 83' lang='grc'><strong>550</strong></span> <span class='ocrx_word' id='word_1_79' title='bbox 936 1563 1072 1642; x_wconf 65' lang='lat' dir='ltr'><strong>oubam,</strong></span> <span class='ocrx_word' id='word_1_80' title='bbox 1087 1563 1197 1625; x_wconf 76' lang='grc'><strong>555155</strong></span> <span class='ocrx_word' id='word_1_81' title='bbox 1210 1582 1334 1626; x_wconf 74' lang='lat' dir='ltr'><strong>cusum</strong></span> <span class='ocrx_word' id='word_1_82' title='bbox 1348 1566 1539 1645; x_wconf 87' lang='lat' dir='ltr'><strong>desiderari,</strong></span> 
     </span>
     <span class='ocr_line' id='line_1_10' title="bbox 185 1666 1537 1752; baseline 0 -21"><span class='ocrx_word' id='word_1_83' title='bbox 185 1669 382 1752; x_wconf 88' lang='lat' dir='ltr'><strong>reliquarum</strong></span> <span class='ocrx_word' id='word_1_84' title='bbox 411 1672 516 1752; x_wconf 87' lang='lat' dir='ltr'><strong>partes</strong></span> <span class='ocrx_word' id='word_1_85' title='bbox 546 1667 678 1750; x_wconf 81' lang='lat' dir='ltr'><strong>exiguae</strong></span> <span class='ocrx_word' id='word_1_86' title='bbox 707 1674 830 1731; x_wconf 87' lang='lat' dir='ltr'><strong>tontum</strong></span> <span class='ocrx_word' id='word_1_87' title='bbox 861 1673 893 1731; x_wconf 88' lang='lat' dir='ltr'><strong>et</strong></span> <span class='ocrx_word' id='word_1_88' title='bbox 920 1667 985 1730; x_wconf 83' lang='lat' dir='ltr'><strong>lere</strong></span> <span class='ocrx_word' id='word_1_89' title='bbox 1015 1666 1166 1730; x_wconf 88' lang='lat' dir='ltr'><strong>disiectae</strong></span> <span class='ocrx_word' id='word_1_90' title='bbox 1188 1670 1351 1751; x_wconf 84' lang='grc'><strong>(1,1-4.</strong></span> <span class='ocrx_word' id='word_1_91' title='bbox 1376 1669 1537 1744; x_wconf 80' lang='grc'><strong>2,]-14,</strong></span> 
     </span>
     <span class='ocr_line' id='line_1_11' title="bbox 186 1770 1538 1858; baseline 0.001 -22"><span class='ocrx_word' id='word_1_92' title='bbox 186 1774 333 1849; x_wconf 83' lang='lat'>5‚1-3.</span> <span class='ocrx_word' id='word_1_93' title='bbox 359 1774 389 1849; x_wconf 87' lang='grc'><strong>6,</strong></span> <span class='ocrx_word' id='word_1_94' title='bbox 405 1773 476 1837; x_wconf 90' lang='grc'><strong>1.9.</strong></span> <span class='ocrx_word' id='word_1_95' title='bbox 491 1771 557 1856; x_wconf 90' lang='grc'><strong>13).</strong></span> <span class='ocrx_word' id='word_1_96' title='bbox 609 1771 690 1835; x_wconf 90' lang='lat' dir='ltr'><strong>Novi</strong></span> <span class='ocrx_word' id='word_1_97' title='bbox 713 1777 819 1835; x_wconf 88' lang='lat' dir='ltr'><strong>autem</strong></span> <span class='ocrx_word' id='word_1_98' title='bbox 848 1770 1021 1855; x_wconf 87' lang='lat' dir='ltr'><strong>apographi</strong></span> <span class='ocrx_word' id='word_1_99' title='bbox 1047 1770 1094 1835; x_wconf 90' lang='lat' dir='ltr'><strong>ite</strong></span> <span class='ocrx_word' id='word_1_100' title='bbox 1116 1772 1282 1837; x_wconf 88' lang='lat' dir='ltr'><strong>coniuncta</strong></span> <span class='ocrx_word' id='word_1_101' title='bbox 1303 1773 1398 1858; x_wconf 89' lang='lat' dir='ltr'><strong>bpera</strong></span> <span class='ocrx_word' id='word_1_102' title='bbox 1419 1773 1538 1838; x_wconf 89' lang='lat' dir='ltr'><strong>Busbe-</strong></span> 
     </span>
    </p>

    <p class='ocr_par' dir='ltr' id='par_1_3' title="bbox 187 1875 1073 1961">
     <span class='ocr_line' id='line_1_12' title="bbox 187 1875 1073 1961; baseline -0.005 -18"><span class='ocrx_word' id='word_1_103' title='bbox 187 1878 378 1960; x_wconf 88' lang='lat' dir='ltr'><strong>quienorum</strong></span> <span class='ocrx_word' id='word_1_104' title='bbox 401 1875 504 1941; x_wconf 83' lang='lat' dir='ltr'><strong>effecti</strong></span> <span class='ocrx_word' id='word_1_105' title='bbox 526 1875 672 1960; x_wconf 90' lang='lat' dir='ltr'><strong>exempla</strong></span> <span class='ocrx_word' id='word_1_106' title='bbox 695 1875 813 1961; x_wconf 87' lang='lat' dir='ltr'><strong>scripta</strong></span> <span class='ocrx_word' id='word_1_107' title='bbox 834 1876 959 1940; x_wconf 83' lang='lat' dir='ltr'><strong>editeve</strong></span> <span class='ocrx_word' id='word_1_108' title='bbox 981 1875 1073 1940; x_wconf 89' lang='lat' dir='ltr'><strong>haec:</strong></span> 
     </span>
    </p>
   </div>
   <div class='ocr_carea' id='block_1_3' title="bbox 277 2012 1539 2113">
    <p class='ocr_par' dir='ltr' id='par_1_4' title="bbox 277 2012 1539 2113">
     <span class='ocr_line' id='line_1_13' title="bbox 277 2012 1539 2113; baseline 0 -21"><span class='ocrx_word' id='word_1_109' title='bbox 277 2029 318 2113; x_wconf 87' lang='lat'><strong>1)</strong></span> <span class='ocrx_word' id='word_1_110' title='bbox 341 2026 429 2092; x_wconf 90' lang='lat' dir='ltr'><strong>Belsi</strong></span> <span class='ocrx_word' id='word_1_111' title='bbox 455 2027 489 2092; x_wconf 93' lang='lat' dir='ltr'><strong>in</strong></span> <span class='ocrx_word' id='word_1_112' title='bbox 523 2012 642 2112; x_wconf 83' lang='lat' dir='ltr'><strong>sylloge</strong></span> <span class='ocrx_word' id='word_1_113' title='bbox 669 2026 710 2090; x_wconf 89' lang='lat' dir='ltr'><strong>ad</strong></span> <span class='ocrx_word' id='word_1_114' title='bbox 732 2027 1046 2092; x_wconf 87' lang='lat' dir='ltr'><strong>Dernsclrwammum</strong></span> <span class='ocrx_word' id='word_1_115' title='bbox 1077 2028 1177 2093; x_wconf 88' lang='lat' dir='ltr'><strong>missa</strong></span> <span class='ocrx_word' id='word_1_116' title='bbox 1210 2027 1298 2111; x_wconf 88' lang='lat' dir='ltr'><strong>(eod.</strong></span> <span class='ocrx_word' id='word_1_117' title='bbox 1327 2028 1429 2092; x_wconf 85' lang='lat' dir='ltr'><strong>Guelf.</strong></span> <span class='ocrx_word' id='word_1_118' title='bbox 1457 2031 1539 2111; x_wconf 85' lang='lat' dir='ltr'><strong>Aug.</strong></span> 
     </span>
    </p>
   </div>
   <div class='ocr_carea' id='block_1_4' title="bbox 83 2130 1540 2217">
    <p class='ocr_par' dir='ltr' id='par_1_5' title="bbox 83 2130 1540 2217">
     <span class='ocr_line' id='line_1_14' title="bbox 83 2130 1540 2217; baseline -0.001 -20"><span class='ocrx_word' id='word_1_119' title='bbox 83 2196 84 2207; x_wconf 65' lang='grc'>,</span> <span class='ocrx_word' id='word_1_120' title='bbox 187 2133 311 2210; x_wconf 79' lang='grc'><strong>10177,</strong></span> <span class='ocrx_word' id='word_1_121' title='bbox 338 2132 388 2216; x_wconf 90' lang='lat' dir='ltr'><strong>l),</strong></span> <span class='ocrx_word' id='word_1_122' title='bbox 413 2132 452 2195; x_wconf 92' lang='lat' dir='ltr'><strong>de</strong></span> <span class='ocrx_word' id='word_1_123' title='bbox 476 2152 540 2216; x_wconf 91' lang='lat' dir='ltr'><strong>qua</strong></span> <span class='ocrx_word' id='word_1_124' title='bbox 562 2130 701 2195; x_wconf 85' lang='lat' dir='ltr'><strong>diximus</strong></span> <span class='ocrx_word' id='word_1_125' title='bbox 724 2131 757 2196; x_wconf 91' lang='lat' dir='ltr'><strong>in</strong></span> <span class='ocrx_word' id='word_1_126' title='bbox 775 2132 1037 2216; x_wconf 82' lang='lat' dir='ltr'><strong>0.1.L.11p.4,</strong></span> <span class='ocrx_word' id='word_1_127' title='bbox 1060 2132 1083 2195; x_wconf 83' lang='lat' dir='ltr'><strong>f.</strong></span> <span class='ocrx_word' id='word_1_128' title='bbox 1100 2132 1286 2196; x_wconf 83' lang='lat'><strong>353-357</strong></span> <span class='ocrx_word' id='word_1_129' title='bbox 1309 2132 1367 2196; x_wconf 92' lang='lat' dir='ltr'><strong>ubi</strong></span> <span class='ocrx_word' id='word_1_130' title='bbox 1388 2132 1540 2217; x_wconf 86' lang='lat' dir='ltr'><strong>praescri-</strong></span> 
     </span>
    </p>
   </div>
   <div class='ocr_carea' id='block_1_5' title="bbox 187 2237 1542 2424">
    <p class='ocr_par' dir='ltr' id='par_1_6' title="bbox 187 2237 1542 2424">
     <span class='ocr_line' id='line_1_15' title="bbox 188 2237 1541 2319; baseline 0 -18"><span class='ocrx_word' id='word_1_131' title='bbox 188 2237 286 2301; x_wconf 85' lang='lat' dir='ltr'><strong>bitur:</strong></span> <span class='ocrx_word' id='word_1_132' title='bbox 313 2240 430 2301; x_wconf 84' lang='lat' dir='ltr'><strong>Aucire</strong></span> <span class='ocrx_word' id='word_1_133' title='bbox 453 2238 486 2297; x_wconf 85' lang='lat' dir='ltr'><strong>iu</strong></span> <span class='ocrx_word' id='word_1_134' title='bbox 504 2238 635 2299; x_wconf 85' lang='lat' dir='ltr'><strong>Galatia</strong></span> <span class='ocrx_word' id='word_1_135' title='bbox 656 2239 822 2299; x_wconf 74' lang='lat' dir='ltr'><strong>monimum</strong></span> <span class='ocrx_word' id='word_1_136' title='bbox 840 2240 999 2318; x_wconf 85' lang='lat' dir='ltr'><strong>palatium</strong></span> <span class='ocrx_word' id='word_1_137' title='bbox 1018 2238 1081 2317; x_wconf 77' lang='lat' dir='ltr'><strong>fuit</strong></span> <span class='ocrx_word' id='word_1_138' title='bbox 1103 2238 1251 2319; x_wconf 72' lang='lat' dir='ltr'><strong>Augusti,</strong></span> <span class='ocrx_word' id='word_1_139' title='bbox 1278 2239 1332 2300; x_wconf 84' lang='lat' dir='ltr'><strong>ubi</strong></span> <span class='ocrx_word' id='word_1_140' title='bbox 1354 2241 1387 2300; x_wconf 84' lang='lat' dir='ltr'><strong>iu</strong></span> <span class='ocrx_word' id='word_1_141' title='bbox 1408 2242 1541 2301; x_wconf 80' lang='lat' dir='ltr'><strong>introitu</strong></span> 
     </span>
     <span class='ocr_line' id='line_1_16' title="bbox 187 2342 1542 2424; baseline 0 -19"><span class='ocrx_word' id='word_1_142' title='bbox 187 2364 225 2405; x_wconf 78' lang='lat' dir='ltr'><strong>ece</strong></span> <span class='ocrx_word' id='word_1_143' title='bbox 247 2351 383 2422; x_wconf 83' lang='lat' dir='ltr'><strong>utruque</strong></span> <span class='ocrx_word' id='word_1_144' title='bbox 404 2349 496 2421; x_wconf 85' lang='lat' dir='ltr'><strong>parte</strong></span> <span class='ocrx_word' id='word_1_145' title='bbox 518 2360 571 2404; x_wconf 85' lang='lat' dir='ltr'><strong>res</strong></span> <span class='ocrx_word' id='word_1_146' title='bbox 593 2349 683 2421; x_wconf 76' lang='lat' dir='ltr'><strong>peste</strong></span> <span class='ocrx_word' id='word_1_147' title='bbox 706 2342 843 2421; x_wconf 77' lang='lat' dir='ltr'><strong>Augusti</strong></span> <span class='ocrx_word' id='word_1_148' title='bbox 865 2344 967 2405; x_wconf 82' lang='lat' dir='ltr'><strong>incise</strong></span> <span class='ocrx_word' id='word_1_149' title='bbox 989 2342 1129 2422; x_wconf 72' lang='lat' dir='ltr'><strong>fumet,</strong></span> <span class='ocrx_word' id='word_1_150' title='bbox 1160 2362 1242 2422; x_wconf 82' lang='lat' dir='ltr'><strong>quae</strong></span> <span class='ocrx_word' id='word_1_151' title='bbox 1263 2363 1326 2405; x_wconf 83' lang='lat' dir='ltr'><strong>uon</strong></span> <span class='ocrx_word' id='word_1_152' title='bbox 1350 2345 1456 2405; x_wconf 81' lang='lat' dir='ltr'><strong>omnic</strong></span> <span class='ocrx_word' id='word_1_153' title='bbox 1479 2344 1542 2424; x_wconf 80' lang='lat' dir='ltr'><strong>legi</strong></span> 
     </span>
    </p>
   </div>
   <div class='ocr_carea' id='block_1_6' title="bbox 83 2444 1540 2635">
    <p class='ocr_par' dir='ltr' id='par_1_7' title="bbox 83 2444 1540 2635">
     <span class='ocr_line' id='line_1_17' title="bbox 83 2444 1540 2529; baseline -0.003 -18"><span class='ocrx_word' id='word_1_154' title='bbox 83 2456 84 2487; x_wconf 72' lang='lat'>³</span> <span class='ocrx_word' id='word_1_155' title='bbox 184 2455 356 2527; x_wconf 83' lang='lat' dir='ltr'><strong>potueruut</strong></span> <span class='ocrx_word' id='word_1_156' title='bbox 378 2464 518 2527; x_wconf 79' lang='lat' dir='ltr'><strong>quaeque</strong></span> <span class='ocrx_word' id='word_1_157' title='bbox 540 2447 635 2509; x_wconf 84' lang='lat' dir='ltr'><strong>etium</strong></span> <span class='ocrx_word' id='word_1_158' title='bbox 650 2444 785 2529; x_wconf 79' lang='lat' dir='ltr'><strong>(legere)</strong></span> <span class='ocrx_word' id='word_1_159' title='bbox 798 2446 1045 2526; x_wconf 82' lang='lat' dir='ltr'><strong>prohibebamur</strong></span> <span class='ocrx_word' id='word_1_160' title='bbox 1068 2446 1108 2509; x_wconf 86' lang='lat' dir='ltr'><strong>eb</strong></span> <span class='ocrx_word' id='word_1_161' title='bbox 1124 2466 1308 2510; x_wconf 80' lang='lat' dir='ltr'><strong>concursum</strong></span> <span class='ocrx_word' id='word_1_162' title='bbox 1324 2448 1540 2510; x_wconf 84' lang='lat' dir='ltr'><strong>barbarorum.</strong></span> 
     </span>
     <span class='ocr_line' id='line_1_18' title="bbox 83 2548 1115 2635; baseline -0.003 -20"><span class='ocrx_word' id='word_1_163' title='bbox 83 2548 84 2633; x_wconf 76' lang='lat' dir='ltr'>j</span> <span class='ocrx_word' id='word_1_164' title='bbox 187 2549 377 2635; x_wconf 85' lang='lat' dir='ltr'><strong>Exemplum</strong></span> <span class='ocrx_word' id='word_1_165' title='bbox 400 2548 490 2613; x_wconf 88' lang='lat' dir='ltr'><strong>foede</strong></span> <span class='ocrx_word' id='word_1_166' title='bbox 513 2548 652 2634; x_wconf 90' lang='lat' dir='ltr'><strong>corrupit</strong></span> <span class='ocrx_word' id='word_1_167' title='bbox 673 2549 824 2613; x_wconf 91' lang='lat' dir='ltr'><strong>librarius</strong></span> <span class='ocrx_word' id='word_1_168' title='bbox 847 2549 1115 2633; x_wconf 89' lang='lat' dir='ltr'><strong>imperitissimus.</strong></span> 
     </span>
    </p>
   </div>
   <div class='ocr_carea' id='block_1_7' title="bbox 276 2700 1677 2786">
    <p class='ocr_par' dir='ltr' id='par_1_8' title="bbox 276 2700 1677 2786">
     <span class='ocr_line' id='line_1_19' title="bbox 276 2700 1677 2786; baseline -0.001 -20"><span class='ocrx_word' id='word_1_169' title='bbox 276 2702 318 2786; x_wconf 79' lang='grc'><strong>5)</strong></span> <span class='ocrx_word' id='word_1_170' title='bbox 341 2700 558 2766; x_wconf 73' lang='grc'><strong>55511555.</strong></span> <span class='ocrx_word' id='word_1_171' title='bbox 584 2701 767 2765; x_wconf 74' lang='grc'><strong>1151055.</strong></span> <span class='ocrx_word' id='word_1_172' title='bbox 791 2702 919 2765; x_wconf 68' lang='grc'><strong>55115</strong></span> <span class='ocrx_word' id='word_1_173' title='bbox 944 2700 1033 2785; x_wconf 72' lang='lat' dir='ltr'><strong>(sisi.</strong></span> <span class='ocrx_word' id='word_1_174' title='bbox 1057 2702 1136 2786; x_wconf 77' lang='lat' dir='ltr'><strong>pror.</strong></span> <span class='ocrx_word' id='word_1_175' title='bbox 1160 2723 1190 2764; x_wconf 81' lang='lat' dir='ltr'><strong>n.</strong></span> <span class='ocrx_word' id='word_1_176' title='bbox 1205 2701 1283 2783; x_wconf 73' lang='lat' dir='ltr'><strong>ssu</strong></span> <span class='ocrx_word' id='word_1_177' title='bbox 1309 2702 1420 2767; x_wconf 78' lang='lat' dir='ltr'><strong>como</strong></span> <span class='ocrx_word' id='word_1_178' title='bbox 1436 2703 1467 2784; x_wconf 80' lang='lat' dir='ltr'><strong>a,</strong></span> <span class='ocrx_word' id='word_1_179' title='bbox 1483 2701 1541 2786; x_wconf 85' lang='lat'><strong>31)</strong></span> <span class='ocrx_word' id='word_1_180' title='bbox 1672 2716 1677 2728; x_wconf 92' lang='lat'><em>·</em></span> 
     </span>
    </p>
   </div>
   <div class='ocr_carea' id='block_1_8' title="bbox 188 2804 1542 2891">
    <p class='ocr_par' dir='ltr' id='par_1_9' title="bbox 188 2804 1542 2891">
     <span class='ocr_line' id='line_1_20' title="bbox 188 2804 1542 2891; baseline -0.002 -20"><span class='ocrx_word' id='word_1_181' title='bbox 188 2806 334 2891; x_wconf 88' lang='lat' dir='ltr'><strong>exempla</strong></span> <span class='ocrx_word' id='word_1_182' title='bbox 356 2806 418 2871; x_wconf 89' lang='lat' dir='ltr'><strong>tria</strong></span> <span class='ocrx_word' id='word_1_183' title='bbox 441 2805 582 2870; x_wconf 89' lang='lat' dir='ltr'><strong>eontinet</strong></span> <span class='ocrx_word' id='word_1_184' title='bbox 604 2805 742 2890; x_wconf 89' lang='lat' dir='ltr'><strong>primum</strong></span> <span class='ocrx_word' id='word_1_185' title='bbox 758 2804 921 2889; x_wconf 89' lang='lat' dir='ltr'><strong>quadratis</strong></span> <span class='ocrx_word' id='word_1_186' title='bbox 945 2805 1061 2871; x_wconf 89' lang='lat' dir='ltr'><strong>litteris</strong></span> <span class='ocrx_word' id='word_1_187' title='bbox 1077 2806 1231 2890; x_wconf 90' lang='lat' dir='ltr'><strong>seriptum</strong></span> <span class='ocrx_word' id='word_1_188' title='bbox 1245 2806 1385 2891; x_wconf 91' lang='lat' dir='ltr'><strong>plenum,</strong></span> <span class='ocrx_word' id='word_1_189' title='bbox 1409 2806 1542 2870; x_wconf 86' lang='lat' dir='ltr'><strong>alterum</strong></span> 
     </span>
    </p>
   </div>
   <div class='ocr_carea' id='block_1_9' title="bbox 82 2908 1543 2994">
    <p class='ocr_par' dir='ltr' id='par_1_10' title="bbox 82 2908 1543 2994">
     <span class='ocr_line' id='line_1_21' title="bbox 82 2908 1543 2994; baseline -0.002 -18"><span class='ocrx_word' id='word_1_190' title='bbox 82 2940 83 2943; x_wconf 41' lang='lat'>¹</span> <span class='ocrx_word' id='word_1_191' title='bbox 188 2911 264 2976; x_wconf 86' lang='lat' dir='ltr'><strong>item</strong></span> <span class='ocrx_word' id='word_1_192' title='bbox 289 2910 470 2994; x_wconf 83' lang='lat' dir='ltr'><strong>quadratis,</strong></span> <span class='ocrx_word' id='word_1_193' title='bbox 502 2909 586 2993; x_wconf 90' lang='lat' dir='ltr'><strong>qued</strong></span> <span class='ocrx_word' id='word_1_194' title='bbox 609 2930 672 2973; x_wconf 92' lang='lat' dir='ltr'><strong>non</strong></span> <span class='ocrx_word' id='word_1_195' title='bbox 695 2908 837 2994; x_wconf 90' lang='lat' dir='ltr'><strong>procedit</strong></span> <span class='ocrx_word' id='word_1_196' title='bbox 864 2910 950 2974; x_wconf 89' lang='lat' dir='ltr'><strong>ultra</strong></span> <span class='ocrx_word' id='word_1_197' title='bbox 972 2912 1187 2993; x_wconf 78' lang='lat' dir='ltr'><strong>quadragiens</strong></span> <span class='ocrx_word' id='word_1_198' title='bbox 1212 2912 1248 2987; x_wconf 77' lang='grc'><strong>8,</strong></span> <span class='ocrx_word' id='word_1_199' title='bbox 1269 2913 1306 2988; x_wconf 84' lang='grc'><strong>4,</strong></span> <span class='ocrx_word' id='word_1_200' title='bbox 1335 2909 1464 2975; x_wconf 90' lang='lat' dir='ltr'><strong>tertium</strong></span> <span class='ocrx_word' id='word_1_201' title='bbox 1485 2909 1543 2973; x_wconf 92' lang='lat' dir='ltr'><strong>mi-</strong></span> 
     </span>
    </p>
   </div>
   <div class='ocr_carea' id='block_1_10' title="bbox 188 3011 1544 3185">
    <p class='ocr_par' dir='ltr' id='par_1_11' title="bbox 188 3011 1544 3185">
     <span class='ocr_line' id='line_1_22' title="bbox 188 3011 1544 3098; baseline -0.002 -18"><span class='ocrx_word' id='word_1_202' title='bbox 188 3014 332 3080; x_wconf 89' lang='lat' dir='ltr'><strong>nusculis</strong></span> <span class='ocrx_word' id='word_1_203' title='bbox 355 3015 469 3079; x_wconf 88' lang='lat' dir='ltr'><strong>litteris</strong></span> <span class='ocrx_word' id='word_1_204' title='bbox 486 3013 640 3098; x_wconf 91' lang='lat' dir='ltr'><strong>seriptum</strong></span> <span class='ocrx_word' id='word_1_205' title='bbox 655 3013 768 3079; x_wconf 91' lang='lat' dir='ltr'><strong>finiens</strong></span> <span class='ocrx_word' id='word_1_206' title='bbox 790 3013 825 3077; x_wconf 89' lang='lat' dir='ltr'><strong>in</strong></span> <span class='ocrx_word' id='word_1_207' title='bbox 849 3017 978 3079; x_wconf 81' lang='lat' dir='ltr'><strong>circiter</strong></span> <span class='ocrx_word' id='word_1_208' title='bbox 997 3017 1027 3092; x_wconf 90' lang='lat'><strong>4,</strong></span> <span class='ocrx_word' id='word_1_209' title='bbox 1045 3015 1098 3079; x_wconf 77' lang='lat'><strong>42.</strong></span> <span class='ocrx_word' id='word_1_210' title='bbox 1138 3014 1369 3079; x_wconf 89' lang='lat' dir='ltr'><strong>Praescribitur</strong></span> <span class='ocrx_word' id='word_1_211' title='bbox 1384 3011 1544 3095; x_wconf 75' lang='lat' dir='ltr'><strong>‘Ancyrae</strong></span> 
     </span>
     <span class='ocr_line' id='line_1_23' title="bbox 190 3119 423 3185; baseline -0.009 0"><span class='ocrx_word' id='word_1_212' title='bbox 190 3125 222 3185; x_wconf 86' lang='lat' dir='ltr'><strong>in</strong></span> <span class='ocrx_word' id='word_1_213' title='bbox 245 3119 423 3184; x_wconf 88' lang='lat' dir='ltr'><strong>suburbio&#39;.</strong></span> 
     </span>
    </p>
   </div>
   <div class='ocr_carea' id='block_1_11' title="bbox 278 3244 1522 3346">
    <p class='ocr_par' dir='ltr' id='par_1_12' title="bbox 278 3244 1522 3346">
     <span class='ocr_line' id='line_1_24' title="bbox 278 3244 1522 3346; baseline -0.002 -35"><span class='ocrx_word' id='word_1_214' title='bbox 278 3247 319 3331; x_wconf 87' lang='lat'><strong>3)</strong></span> <span class='ocrx_word' id='word_1_215' title='bbox 344 3246 629 3346; x_wconf 42' lang='grc'><strong>00115151156817</strong></span> <span class='ocrx_word' id='word_1_216' title='bbox 654 3246 676 3312; x_wconf 87' lang='lat' dir='ltr'><strong>f.</strong></span> <span class='ocrx_word' id='word_1_217' title='bbox 693 3246 767 3311; x_wconf 78' lang='lat'><strong>280,</strong></span> <span class='ocrx_word' id='word_1_218' title='bbox 781 3247 980 3311; x_wconf 78' lang='lat'><strong>293-295.</strong></span> <span class='ocrx_word' id='word_1_219' title='bbox 1019 3245 1093 3311; x_wconf 91' lang='lat' dir='ltr'><strong>Vidi</strong></span> <span class='ocrx_word' id='word_1_220' title='bbox 1114 3251 1248 3322; x_wconf 88' lang='lat' dir='ltr'><strong>tautum,</strong></span> <span class='ocrx_word' id='word_1_221' title='bbox 1272 3264 1336 3309; x_wconf 92' lang='lat' dir='ltr'><strong>non</strong></span> <span class='ocrx_word' id='word_1_222' title='bbox 1358 3244 1522 3329; x_wconf 88' lang='lat' dir='ltr'><strong>descripsi.</strong></span> 
     </span>
    </p>
   </div>
   <div class='ocr_carea' id='block_1_12' title="bbox 189 3372 1545 3563">
    <p class='ocr_par' dir='ltr' id='par_1_13' title="bbox 189 3372 1545 3563">
     <span class='ocr_line' id='line_1_25' title="bbox 277 3372 1545 3459; baseline -0.002 -20"><span class='ocrx_word' id='word_1_223' title='bbox 277 3374 319 3459; x_wconf 81' lang='lat'><strong>4)</strong></span> <span class='ocrx_word' id='word_1_224' title='bbox 344 3372 489 3451; x_wconf 85' lang='lat' dir='ltr'><strong>Andreae</strong></span> <span class='ocrx_word' id='word_1_225' title='bbox 513 3372 649 3449; x_wconf 85' lang='lat' dir='ltr'><strong>Schetti,</strong></span> <span class='ocrx_word' id='word_1_226' title='bbox 681 3373 737 3457; x_wconf 94' lang='lat' dir='ltr'><strong>qui</strong></span> <span class='ocrx_word' id='word_1_227' title='bbox 760 3380 925 3459; x_wconf 89' lang='lat' dir='ltr'><strong>acceptum</strong></span> <span class='ocrx_word' id='word_1_228' title='bbox 953 3373 1176 3457; x_wconf 90' lang='lat' dir='ltr'><strong>aBusbequie</strong></span> <span class='ocrx_word' id='word_1_229' title='bbox 1205 3372 1328 3459; x_wconf 90' lang='lat' dir='ltr'><strong>primus</strong></span> <span class='ocrx_word' id='word_1_230' title='bbox 1351 3372 1452 3437; x_wconf 87' lang='lat' dir='ltr'><strong>edidit</strong></span> <span class='ocrx_word' id='word_1_231' title='bbox 1473 3394 1545 3439; x_wconf 91' lang='lat' dir='ltr'><strong>eum</strong></span> 
     </span>
     <span class='ocr_line' id='line_1_26' title="bbox 189 3478 1103 3563; baseline -0.003 -18"><span class='ocrx_word' id='word_1_232' title='bbox 189 3479 320 3545; x_wconf 90' lang='lat' dir='ltr'><strong>Aurelio</strong></span> <span class='ocrx_word' id='word_1_233' title='bbox 336 3479 460 3543; x_wconf 89' lang='lat' dir='ltr'><strong>Victore</strong></span> <span class='ocrx_word' id='word_1_234' title='bbox 483 3478 809 3563; x_wconf 73' lang='grc'><strong>(511115111551519)</strong></span> <span class='ocrx_word' id='word_1_235' title='bbox 833 3478 930 3543; x_wconf 90' lang='lat' dir='ltr'><strong>schol.</strong></span> <span class='ocrx_word' id='word_1_236' title='bbox 956 3500 987 3563; x_wconf 91' lang='lat' dir='ltr'><strong>p.</strong></span> <span class='ocrx_word' id='word_1_237' title='bbox 1001 3481 1042 3542; x_wconf 88' lang='lat'><strong>69</strong></span> <span class='ocrx_word' id='word_1_238' title='bbox 1055 3498 1103 3562; x_wconf 91' lang='lat' dir='ltr'><strong>sq.</strong></span> 
     </span>
    </p>
   </div>
   <div class='ocr_carea' id='block_1_13' title="bbox 189 3636 1548 4873">
    <p class='ocr_par' dir='ltr' id='par_1_14' title="bbox 189 3636 1548 4873">
     <span class='ocr_line' id='line_1_27' title="bbox 277 3636 1546 3723; baseline -0.002 -20"><span class='ocrx_word' id='word_1_239' title='bbox 277 3640 318 3720; x_wconf 85' lang='lat'><strong>5)</strong></span> <span class='ocrx_word' id='word_1_240' title='bbox 342 3636 442 3723; x_wconf 88' lang='lat' dir='ltr'><strong>Lipsii</strong></span> <span class='ocrx_word' id='word_1_241' title='bbox 464 3637 499 3701; x_wconf 92' lang='lat' dir='ltr'><strong>in</strong></span> <span class='ocrx_word' id='word_1_242' title='bbox 522 3638 662 3703; x_wconf 86' lang='lat' dir='ltr'><strong>auctario</strong></span> <span class='ocrx_word' id='word_1_243' title='bbox 686 3638 804 3723; x_wconf 88' lang='grc'><strong>(1588)</strong></span> <span class='ocrx_word' id='word_1_244' title='bbox 828 3658 859 3722; x_wconf 92' lang='lat' dir='ltr'><strong>p.</strong></span> <span class='ocrx_word' id='word_1_245' title='bbox 872 3638 1011 3714; x_wconf 77' lang='lat'><strong>19-22,</strong></span> <span class='ocrx_word' id='word_1_246' title='bbox 1036 3636 1087 3700; x_wconf 92' lang='lat' dir='ltr'><strong>cui</strong></span> <span class='ocrx_word' id='word_1_247' title='bbox 1109 3636 1199 3703; x_wconf 88' lang='lat' dir='ltr'><strong>misit</strong></span> <span class='ocrx_word' id='word_1_248' title='bbox 1218 3636 1356 3721; x_wconf 89' lang='lat' dir='ltr'><strong>primum</strong></span> <span class='ocrx_word' id='word_1_249' title='bbox 1378 3637 1447 3722; x_wconf 91' lang='lat' dir='ltr'><strong>ipse</strong></span> <span class='ocrx_word' id='word_1_250' title='bbox 1464 3637 1546 3701; x_wconf 92' lang='lat' dir='ltr'><strong>Bus-</strong></span> 
     </span>
     <span class='ocr_line' id='line_1_28' title="bbox 191 3739 1546 3835; baseline -0.004 -26"><span class='ocrx_word' id='word_1_251' title='bbox 191 3744 325 3835; x_wconf 85' lang='lat' dir='ltr'><strong>bequius</strong></span> <span class='ocrx_word' id='word_1_252' title='bbox 356 3743 406 3827; x_wconf 90' lang='lat' dir='ltr'><strong>(v.</strong></span> <span class='ocrx_word' id='word_1_253' title='bbox 430 3741 531 3827; x_wconf 90' lang='lat' dir='ltr'><strong>Lipsii</strong></span> <span class='ocrx_word' id='word_1_254' title='bbox 555 3742 645 3827; x_wconf 92' lang='lat' dir='ltr'><strong>epist.</strong></span> <span class='ocrx_word' id='word_1_255' title='bbox 679 3741 719 3806; x_wconf 89' lang='lat' dir='ltr'><strong>ad</strong></span> <span class='ocrx_word' id='word_1_256' title='bbox 744 3741 888 3806; x_wconf 86' lang='lat' dir='ltr'><strong>Clusium</strong></span> <span class='ocrx_word' id='word_1_257' title='bbox 915 3740 1048 3827; x_wconf 88' lang='lat' dir='ltr'><strong>postrid.</strong></span> <span class='ocrx_word' id='word_1_258' title='bbox 1077 3741 1121 3805; x_wconf 93' lang='lat' dir='ltr'><strong>id.</strong></span> <span class='ocrx_word' id='word_1_259' title='bbox 1152 3742 1370 3806; x_wconf 78' lang='grc'><strong>15551588</strong></span> <span class='ocrx_word' id='word_1_260' title='bbox 1400 3739 1484 3805; x_wconf 90' lang='lat' dir='ltr'><strong>edita</strong></span> <span class='ocrx_word' id='word_1_261' title='bbox 1512 3741 1546 3805; x_wconf 91' lang='grc'><strong>11</strong></span> 
     </span>
     <span class='ocr_line' id='line_1_29' title="bbox 189 3844 1547 3935; baseline -0.004 -20"><span class='ocrx_word' id='word_1_262' title='bbox 189 3871 260 3935; x_wconf 92' lang='lat' dir='ltr'><strong>opp.</strong></span> <span class='ocrx_word' id='word_1_263' title='bbox 286 3869 357 3933; x_wconf 91' lang='lat' dir='ltr'><strong>epp.</strong></span> <span class='ocrx_word' id='word_1_264' title='bbox 381 3848 628 3930; x_wconf 75' lang='grc'><strong>05118184),</strong></span> <span class='ocrx_word' id='word_1_265' title='bbox 653 3845 767 3911; x_wconf 89' lang='lat' dir='ltr'><strong>deinde</strong></span> <span class='ocrx_word' id='word_1_266' title='bbox 792 3846 922 3911; x_wconf 86' lang='lat' dir='ltr'><strong>Carolus</strong></span> <span class='ocrx_word' id='word_1_267' title='bbox 939 3844 1066 3911; x_wconf 79' lang='lat' dir='ltr'><strong>Clusius</strong></span> <span class='ocrx_word' id='word_1_268' title='bbox 1089 3867 1246 3909; x_wconf 88' lang='lat' dir='ltr'><strong>unacum</strong></span> <span class='ocrx_word' id='word_1_269' title='bbox 1270 3845 1407 3930; x_wconf 88' lang='lat' dir='ltr'><strong>epistula</strong></span> <span class='ocrx_word' id='word_1_270' title='bbox 1430 3846 1547 3931; x_wconf 87' lang='lat' dir='ltr'><strong>scripta</strong></span> 
     </span>
     <span class='ocr_line' id='line_1_30' title="bbox 190 3949 1543 4036; baseline -0.004 -17"><span class='ocrx_word' id='word_1_271' title='bbox 190 3955 331 4019; x_wconf 87' lang='lat' dir='ltr'><strong>Viennae</strong></span> <span class='ocrx_word' id='word_1_272' title='bbox 346 3952 494 4017; x_wconf 89' lang='lat' dir='ltr'><strong>Austriae</strong></span> <span class='ocrx_word' id='word_1_273' title='bbox 515 3971 552 4019; x_wconf 90' lang='lat' dir='ltr'><strong>x1</strong></span> <span class='ocrx_word' id='word_1_274' title='bbox 574 3951 605 4018; x_wconf 83' lang='lat' dir='ltr'><strong>k.</strong></span> <span class='ocrx_word' id='word_1_275' title='bbox 620 3952 698 4036; x_wconf 88' lang='lat' dir='ltr'><strong>Apr.</strong></span> <span class='ocrx_word' id='word_1_276' title='bbox 717 3951 800 4016; x_wconf 84' lang='grc'><strong>1581</strong></span> <span class='ocrx_word' id='word_1_277' title='bbox 825 3950 934 4035; x_wconf 89' lang='lat' dir='ltr'><strong>(edite</strong></span> <span class='ocrx_word' id='word_1_278' title='bbox 955 3950 990 4014; x_wconf 92' lang='lat' dir='ltr'><strong>in</strong></span> <span class='ocrx_word' id='word_1_279' title='bbox 1013 3950 1152 4035; x_wconf 86' lang='lat' dir='ltr'><strong>syllegae</strong></span> <span class='ocrx_word' id='word_1_280' title='bbox 1174 3949 1428 4014; x_wconf 83' lang='lat' dir='ltr'><strong>Burmannianae</strong></span> <span class='ocrx_word' id='word_1_281' title='bbox 1451 3951 1543 4014; x_wconf 83' lang='lat' dir='ltr'><strong>vell</strong></span> 
     </span>
     <span class='ocr_line' id='line_1_31' title="bbox 190 4054 1548 4144; baseline -0.003 -21"><span class='ocrx_word' id='word_1_282' title='bbox 190 4081 220 4144; x_wconf 88' lang='lat' dir='ltr'><strong>p.</strong></span> <span class='ocrx_word' id='word_1_283' title='bbox 233 4059 313 4137; x_wconf 81' lang='lat'>3113</span> <span class='ocrx_word' id='word_1_284' title='bbox 345 4056 397 4120; x_wconf 89' lang='lat' dir='ltr'><strong>oui</strong></span> <span class='ocrx_word' id='word_1_285' title='bbox 423 4055 586 4141; x_wconf 90' lang='lat' dir='ltr'><strong>respondit</strong></span> <span class='ocrx_word' id='word_1_286' title='bbox 607 4056 735 4141; x_wconf 89' lang='lat' dir='ltr'><strong>Lipsius</strong></span> <span class='ocrx_word' id='word_1_287' title='bbox 766 4055 904 4140; x_wconf 88' lang='lat' dir='ltr'><strong>epistula</strong></span> <span class='ocrx_word' id='word_1_288' title='bbox 932 4054 1025 4119; x_wconf 91' lang='lat' dir='ltr'><strong>modo</strong></span> <span class='ocrx_word' id='word_1_289' title='bbox 1049 4054 1175 4137; x_wconf 88' lang='lat' dir='ltr'><strong>citata).</strong></span> <span class='ocrx_word' id='word_1_290' title='bbox 1229 4054 1356 4118; x_wconf 83' lang='lat' dir='ltr'><strong>Clusius</strong></span> <span class='ocrx_word' id='word_1_291' title='bbox 1379 4054 1548 4139; x_wconf 86' lang='lat' dir='ltr'><strong>adscripsit</strong></span> 
     </span>
     <span class='ocr_line' id='line_1_32' title="bbox 191 4158 1547 4246; baseline -0.004 -18"><span class='ocrx_word' id='word_1_292' title='bbox 191 4161 411 4246; x_wconf 89' lang='lat' dir='ltr'><strong>Busbequium</strong></span> <span class='ocrx_word' id='word_1_293' title='bbox 426 4159 631 4226; x_wconf 86' lang='lat' dir='ltr'><strong>Vindebenee</strong></span> <span class='ocrx_word' id='word_1_294' title='bbox 654 4164 829 4225; x_wconf 86' lang='lat' dir='ltr'><strong>merentem</strong></span> <span class='ocrx_word' id='word_1_295' title='bbox 853 4181 872 4223; x_wconf 90' lang='grc'><strong>5</strong></span> <span class='ocrx_word' id='word_1_296' title='bbox 894 4181 928 4224; x_wconf 86' lang='grc'><strong>55</strong></span> <span class='ocrx_word' id='word_1_297' title='bbox 952 4165 1094 4242; x_wconf 88' lang='lat' dir='ltr'><strong>rogatum</strong></span> <span class='ocrx_word' id='word_1_298' title='bbox 1116 4178 1224 4223; x_wconf 91' lang='lat' dir='ltr'><strong>omnes</strong></span> <span class='ocrx_word' id='word_1_299' title='bbox 1248 4158 1435 4223; x_wconf 85' lang='lat' dir='ltr'><strong>schedarum</strong></span> <span class='ocrx_word' id='word_1_300' title='bbox 1455 4159 1547 4223; x_wconf 88' lang='lat' dir='ltr'><strong>fesci-</strong></span> 
     </span>
     <span class='ocr_line' id='line_1_33' title="bbox 191 4262 1548 4349; baseline -0.004 -18"><span class='ocrx_word' id='word_1_301' title='bbox 191 4268 278 4332; x_wconf 90' lang='lat' dir='ltr'><strong>culos</strong></span> <span class='ocrx_word' id='word_1_302' title='bbox 294 4265 460 4342; x_wconf 85' lang='lat' dir='ltr'><strong>evolvisse,</strong></span> <span class='ocrx_word' id='word_1_303' title='bbox 485 4272 521 4330; x_wconf 92' lang='lat' dir='ltr'><strong>ut</strong></span> <span class='ocrx_word' id='word_1_304' title='bbox 537 4265 776 4349; x_wconf 84' lang='lat' dir='ltr'><strong>Ancyronerum</strong></span> <span class='ocrx_word' id='word_1_305' title='bbox 794 4264 978 4329; x_wconf 83' lang='lat' dir='ltr'><strong>tabularum</strong></span> <span class='ocrx_word' id='word_1_306' title='bbox 993 4263 1174 4349; x_wconf 91' lang='lat' dir='ltr'><strong>exemplum</strong></span> <span class='ocrx_word' id='word_1_307' title='bbox 1187 4262 1348 4348; x_wconf 91' lang='lat' dir='ltr'><strong>reperiret,</strong></span> <span class='ocrx_word' id='word_1_308' title='bbox 1370 4283 1427 4326; x_wconf 90' lang='grc'><strong>150</strong></span> <span class='ocrx_word' id='word_1_309' title='bbox 1443 4269 1548 4327; x_wconf 88' lang='lat' dir='ltr'><strong>tamen</strong></span> 
     </span>
     <span class='ocr_line' id='line_1_34' title="bbox 191 4365 1548 4451; baseline -0.003 -16"><span class='ocrx_word' id='word_1_310' title='bbox 191 4371 353 4436; x_wconf 87' lang='lat' dir='ltr'><strong>invenisse</strong></span> <span class='ocrx_word' id='word_1_311' title='bbox 374 4374 485 4435; x_wconf 91' lang='lat' dir='ltr'><strong>mutue</strong></span> <span class='ocrx_word' id='word_1_312' title='bbox 508 4369 618 4434; x_wconf 88' lang='lat' dir='ltr'><strong>datum</strong></span> <span class='ocrx_word' id='word_1_313' title='bbox 641 4368 741 4432; x_wconf 88' lang='lat' dir='ltr'><strong>amico</strong></span> <span class='ocrx_word' id='word_1_314' title='bbox 766 4367 892 4433; x_wconf 90' lang='lat' dir='ltr'><strong>cuidam</strong></span> <span class='ocrx_word' id='word_1_315' title='bbox 914 4387 1018 4451; x_wconf 91' lang='lat' dir='ltr'><strong>neque</strong></span> <span class='ocrx_word' id='word_1_316' title='bbox 1034 4368 1074 4432; x_wconf 90' lang='lat' dir='ltr'><strong>ab</strong></span> <span class='ocrx_word' id='word_1_317' title='bbox 1091 4387 1127 4432; x_wconf 92' lang='lat' dir='ltr'><strong>eo</strong></span> <span class='ocrx_word' id='word_1_318' title='bbox 1142 4367 1310 4432; x_wconf 88' lang='lat' dir='ltr'><strong>redditum.</strong></span> <span class='ocrx_word' id='word_1_319' title='bbox 1349 4365 1500 4431; x_wconf 86' lang='lat' dir='ltr'><strong>Secutum</strong></span> <span class='ocrx_word' id='word_1_320' title='bbox 1514 4388 1548 4431; x_wconf 92' lang='grc'><strong>55</strong></span> 
     </span>
     <span class='ocr_line' id='line_1_35' title="bbox 192 4471 1547 4559; baseline -0.003 -20"><span class='ocrx_word' id='word_1_321' title='bbox 192 4496 261 4540; x_wconf 88' lang='grc'><strong>5555</strong></span> <span class='ocrx_word' id='word_1_322' title='bbox 285 4474 466 4559; x_wconf 91' lang='lat' dir='ltr'><strong>exemplum</strong></span> <span class='ocrx_word' id='word_1_323' title='bbox 490 4474 667 4538; x_wconf 89' lang='lat' dir='ltr'><strong>exhibitum</strong></span> <span class='ocrx_word' id='word_1_324' title='bbox 690 4473 754 4538; x_wconf 90' lang='lat' dir='ltr'><strong>sibi</strong></span> <span class='ocrx_word' id='word_1_325' title='bbox 776 4494 804 4537; x_wconf 80' lang='lat' dir='ltr'><strong>a</strong></span> <span class='ocrx_word' id='word_1_326' title='bbox 820 4474 904 4537; x_wconf 76' lang='grc'><strong>1516</strong></span> <span class='ocrx_word' id='word_1_327' title='bbox 923 4494 942 4537; x_wconf 91' lang='lat' dir='ltr'><strong>a</strong></span> <span class='ocrx_word' id='word_1_328' title='bbox 956 4472 1071 4537; x_wconf 89' lang='lat' dir='ltr'><strong>Fausto</strong></span> <span class='ocrx_word' id='word_1_329' title='bbox 1087 4472 1235 4537; x_wconf 85' lang='lat' dir='ltr'><strong>Verentio</strong></span> <span class='ocrx_word' id='word_1_330' title='bbox 1250 4471 1379 4537; x_wconf 85' lang='lat' dir='ltr'><strong>Antonii</strong></span> <span class='ocrx_word' id='word_1_331' title='bbox 1396 4472 1547 4548; x_wconf 90' lang='lat' dir='ltr'><strong>Verantii,</strong></span> 
     </span>
     <span class='ocr_line' id='line_1_36' title="bbox 193 4575 1548 4663; baseline -0.003 -20"><span class='ocrx_word' id='word_1_332' title='bbox 193 4580 248 4663; x_wconf 93' lang='lat' dir='ltr'><strong>qui</strong></span> <span class='ocrx_word' id='word_1_333' title='bbox 272 4600 344 4644; x_wconf 90' lang='lat' dir='ltr'><strong>eum</strong></span> <span class='ocrx_word' id='word_1_334' title='bbox 359 4576 542 4660; x_wconf 90' lang='lat' dir='ltr'><strong>Busbequio</strong></span> <span class='ocrx_word' id='word_1_335' title='bbox 557 4578 617 4642; x_wconf 92' lang='lat' dir='ltr'><strong>iter</strong></span> <span class='ocrx_word' id='word_1_336' title='bbox 641 4576 724 4641; x_wconf 92' lang='lat' dir='ltr'><strong>illud</strong></span> <span class='ocrx_word' id='word_1_337' title='bbox 740 4584 930 4661; x_wconf 89' lang='lat' dir='ltr'><strong>susceperat,</strong></span> <span class='ocrx_word' id='word_1_338' title='bbox 955 4582 1078 4661; x_wconf 90' lang='lat' dir='ltr'><strong>nepote,</strong></span> <span class='ocrx_word' id='word_1_339' title='bbox 1101 4575 1221 4640; x_wconf 85' lang='lat' dir='ltr'><strong>vidisse</strong></span> <span class='ocrx_word' id='word_1_340' title='bbox 1236 4582 1399 4660; x_wconf 88' lang='lat' dir='ltr'><strong>praeterea</strong></span> <span class='ocrx_word' id='word_1_341' title='bbox 1414 4576 1548 4639; x_wconf 88' lang='lat' dir='ltr'><strong>alterum</strong></span> 
     </span>
     <span class='ocr_line' id='line_1_37' title="bbox 196 4679 1548 4769; baseline -0.001 -24"><span class='ocrx_word' id='word_1_342' title='bbox 196 4682 280 4769; x_wconf 89' lang='lat' dir='ltr'><strong>apud</strong></span> <span class='ocrx_word' id='word_1_343' title='bbox 297 4682 501 4759; x_wconf 90' lang='lat' dir='ltr'><strong>Sambucum,</strong></span> <span class='ocrx_word' id='word_1_344' title='bbox 524 4680 602 4746; x_wconf 91' lang='lat' dir='ltr'><strong>item</strong></span> <span class='ocrx_word' id='word_1_345' title='bbox 623 4682 753 4746; x_wconf 91' lang='lat' dir='ltr'><strong>tertium</strong></span> <span class='ocrx_word' id='word_1_346' title='bbox 775 4681 931 4746; x_wconf 89' lang='lat' dir='ltr'><strong>nobilium</strong></span> <span class='ocrx_word' id='word_1_347' title='bbox 955 4679 1152 4765; x_wconf 88' lang='lat' dir='ltr'><strong>quorundam</strong></span> <span class='ocrx_word' id='word_1_348' title='bbox 1169 4681 1395 4746; x_wconf 83' lang='lat' dir='ltr'><strong>Germanorum</strong></span> <span class='ocrx_word' id='word_1_349' title='bbox 1418 4680 1473 4764; x_wconf 94' lang='lat' dir='ltr'><strong>qui</strong></span> <span class='ocrx_word' id='word_1_350' title='bbox 1495 4680 1548 4743; x_wconf 89' lang='lat' dir='ltr'><strong>ad-</strong></span> 
     </span>
     <span class='ocr_line' id='line_1_38' title="bbox 195 4785 1548 4873; baseline -0.003 -22"><span class='ocrx_word' id='word_1_351' title='bbox 195 4789 297 4853; x_wconf 88' lang='lat' dir='ltr'><strong>ierant</strong></span> <span class='ocrx_word' id='word_1_352' title='bbox 317 4790 474 4873; x_wconf 86' lang='lat' dir='ltr'><strong>Ancyram</strong></span> <span class='ocrx_word' id='word_1_353' title='bbox 499 4788 627 4853; x_wconf 85' lang='grc'><strong>51586</strong></span> <span class='ocrx_word' id='word_1_354' title='bbox 657 4786 900 4873; x_wconf 89' lang='lat' dir='ltr'><strong>exemplumque</strong></span> <span class='ocrx_word' id='word_1_355' title='bbox 925 4786 1014 4853; x_wconf 91' lang='lat' dir='ltr'><strong>tituli</strong></span> <span class='ocrx_word' id='word_1_356' title='bbox 1034 4786 1213 4853; x_wconf 88' lang='lat' dir='ltr'><strong>obtulerant</strong></span> <span class='ocrx_word' id='word_1_357' title='bbox 1232 4785 1422 4851; x_wconf 83' lang='lat' dir='ltr'><strong>Leunclavio</strong></span> <span class='ocrx_word' id='word_1_358' title='bbox 1443 4785 1548 4849; x_wconf 89' lang='lat' dir='ltr'><strong>minus</strong></span> 
     </span>
    </p>
   </div>
   <div class='ocr_carea' id='block_1_14' title="bbox 0 0 1890 5517">
    <p class='ocr_par' dir='ltr' id='par_1_15' title="bbox 0 0 1890 5517">
     <span class='ocr_line' id='line_1_39' title="bbox 0 0 1890 5517; baseline 0 0"><span class='ocrx_word' id='word_1_359' title='bbox 0 0 1890 5517; x_wconf 95' lang='lat' dir='ltr'><strong> </strong></span> 
     </span>
    </p>
   </div>
  </div>
 </body>
</html>
