3734 5517
321 328 375 381 XII

321 499 479 584 integrum
493 500 698 566 Verantiano:
717 498 972 584 ‘corrumpuntur
994 500 1079 565 enim
1095 501 1155 584 (ita
1170 500 1312 585 Clusius)
1329 500 1470 584 quotidie
1485 501 1669 568 tabularum

321 604 515 669 characteres
531 604 704 669 Turoarum
725 605 865 670 militum
887 605 1069 683 insolentia,
1093 604 1279 690 praesertim
1302 625 1373 669 oum
1396 603 1592 669 Christianos
1615 627 1669 670 eas

320 708 541 793 inscriptiones
565 708 706 794 excipere
729 709 935 794 conspiciunt,
961 709 1044 792 quod
1067 708 1152 773 binis
1175 708 1242 772 illis
1261 708 1423 773 nobilibus
1439 708 1603 774 Germanis
1619 731 1668 774 ao-

321 810 415 879 cidit:
454 813 498 877 At
519 812 578 877 hae
600 832 702 895 nugae
725 817 813 892 sunt3
837 833 911 877 nam
934 812 1029 876 exiis
1046 811 1182 895 quaede
1197 811 1341 896 exemplo
1357 811 1583 880 Germanorum
1598 814 1669 877 illo·

321 936 391 979 rum
415 916 542 981 Clusius
565 916 662 993 affert,
690 922 822 1001 apparet
844 936 896 981 eos
918 936 982 981 non
1004 916 1142 1001 lapidem
1165 915 1380 1001 descripsisse,
1409 916 1465 980 sed
1488 918 1670 1002 exemplum

321 1025 352 1082 et
374 1018 480 1104 ipsum
503 1018 763 1104 Busbequianum
784 1019 938 1085 obtulisse
959 1020 1161 1091 leunclavio.
1186 1020 1405 1085 —Gruterus
1428 1020 1611 1086 230--233
1634 1022 1670 1086 in

321 1123 370 1187 ed.
389 1127 404 1187 1
430 1125 585 1209 expressit
605 1124 758 1210 lipsium.

409 1276 449 1359 6)
473 1274 655 1340 Leunolavii
680 1275 714 1339 in
743 1272 906 1361 pandectis
929 1275 1004 1342 hist.
1027 1275 1120 1341 Ture.
1145 1274 1362 1359 (Frenooiurti
1375 1256 1480 1360 1588)
1503 1277 1669 1361 p.205sq.

321 1378 397 1442 item
420 1386 582 1464 acceptum
604 1381 699 1444 refert
722 1379 831 1445 Oarolo
855 1379 962 1444 Clusio
985 1386 1017 1444 et
1039 1400 1094 1464 per
1116 1380 1200 1445 huno
1223 1380 1360 1444 Antonio
1375 1380 1533 1445 Verantio.

409 1528 449 1613 7)
473 1529 547 1595 Cod.
570 1530 734 1597 Leidensis
757 1531 1013 1596 Burmannianus
1041 1532 1100 1607 06
1134 1530 1218 1605 idem
1248 1530 1430 1616 exemplum
1460 1529 1590 1595 exhibet
1608 1528 1669 1595 ‘ab

215 1684 221 1695 ,
321 1635 394 1698 Ant.
425 1633 602 1716 Augustino
629 1656 658 1699 v.
686 1657 712 1699 c.
742 1634 886 1700 nonnihil
919 1634 1153 1699 instauratum'.
1216 1633 1405 1719 Speciminis
1438 1634 1507 1698 loco
1536 1636 1671 1719 apposui

320 1736 425 1801 locum
453 1758 491 1803 ex
519 1738 634 1822 pagina
660 1738 777 1823 prima:
812 1738 893 1823 r[em]
920 1759 951 1821 q.
979 1738 1090 1824 [paor]
1118 1741 1159 1801 ol.
1180 1738 1336 1823 [Antonii]
1363 1737 1577 1823 fectioribus]
1612 1761 1671 1821 op-

317 1861 466 1922 pressam
500 1844 534 1905 ire
562 1843 737 1908 libertatem
769 1847 947 1921 vindicavi,
984 1843 1113 1929 [petere]
1146 1847 1281 1908 demotis
1314 1846 1499 1923 honorificis
1528 1847 1672 1908 ordinem

320 1943 475 2029 [summum
494 1946 648 2031 parentet]¹

432 2105 585 2191 Exempla
613 2106 839 2189 Busbequiana
854 2126 1014 2189 ,versuum
1043 2106 1184 2171 ordinem
1212 2126 1276 2170 non
1305 2105 1442 2170 retinent
1471 2105 1556 2190 (nisi
1585 2105 1672 2189 quod

322 2208 450 2273 Belsum
472 2209 506 2273 in
529 2210 644 2295 pagina
665 2210 758 2275 tertia
780 2231 890 2275 versus
913 2210 1098 2274 distinxisse
1113 2209 1207 2274 lineis
1223 2210 1317 2274 rectis
1332 2217 1365 2273 et
1380 2210 1558 2274 subnotatio
1580 2209 1672 2275 docet

320 2320 353 2378 et
375 2334 453 2397 quas
476 2335 515 2377 ex
537 2314 630 2378 lineis
652 2314 717 2378 illis
740 2314 917 2396 relinquere
939 2314 1059 2398 placuit
1079 2314 1225 2397 librario)
1247 2313 1459 2397 videnturque
1480 2314 1670 2378 minusculis

321 2425 451 2502 excepta
473 2439 559 2497 esse;
584 2424 666 2483 certe
688 2418 802 2483 Belsus
821 2416 921 2495 ‘uota
944 2418 1059 2501 inquit,
1085 2422 1189 2483 omnia
1212 2421 1290 2482 doec
1311 2422 1464 2501 utrimque
1484 2422 1670 2483 maiusculis
1793 2488 1794 2511 ξ

319 2523 421 2602 faisse
444 2532 579 2587 exarata
603 2527 719 2603 litteris
742 2534 774 2587 et
794 2525 906 2605 ubique
927 2526 1086 2604 punctulis
1110 2525 1290 2587 intersertis
1310 2532 1388 2604 poet
1409 2524 1516 2587 cerba
1554 2542 1571 2587 o
1594 2543 1670 2587 cero

320 2626 433 2707 ubique
457 2647 580 2709 pareo,
610 2626 755 2695 Tectam
777 2630 890 2711 ubique
919 2648 1034 2709 moeno
1060 2627 1167 2708 foere?
1219 2627 1268 2691 Ex
1299 2626 1398 2690 simili
1425 2633 1500 2691 nota
1528 2626 1671 2712 procedit

321 2728 404 2811 quod
427 2729 460 2793 in
482 2730 625 2815 exemplo
643 2730 791 2795 Clusiano
814 2729 961 2798 litterao
984 2752 1108 2815 semper
1131 2738 1180 2795 est
1199 2732 1300 2795 forma
1321 2729 1461 2807 minuta,
1483 2731 1497 2799 l
1518 2736 1670 2815 perpetuo

320 2832 438 2897 lineam
460 2834 591 2911 excedit,
617 2834 752 2919 denique
775 2834 899 2898 litterae
922 2832 1062 2918 capitum
1083 2834 1205 2918 primae
1228 2855 1372 2919 quaeque
1396 2834 1583 2899 exhibentur
1605 2856 1671 2899 ma

320 2936 412 3001 iores
466 2938 586 3002 Horum
614 2938 826 3023 exemplorum
857 2959 928 3003 oum
958 2937 1051 3002 hodie
1079 2937 1202 3002 utilitas
1230 2938 1273 3003 sit
1300 2960 1470 3024 perparva,
1505 2939 1671 3003 discedant

320 3048 426 3105 autem
448 3063 634 3128 magnopere
658 3064 676 3106 a
697 3042 881 3108 melioribus
904 3048 1014 3127 postea
1035 3042 1142 3119 factis,
1172 3042 1294 3127 placuit
1315 3064 1413 3108 unum
1437 3066 1476 3108 ex
1497 3044 1552 3121 iis,
1582 3043 1668 3127 quod

319 3145 451 3229 reliquis
473 3146 579 3232 paullo
602 3152 741 3231 praestat
763 3146 824 3230 (ita
839 3148 868 3223 3,
887 3148 939 3211 29.
957 3146 999 3210 30
1023 3146 1124 3210 solum
1146 3168 1218 3211 cum
1231 3146 1379 3211 Beleiano
1396 3152 1500 3211 servat
1514 3147 1672 3212 vocabula

319 3270 491 3319 massanus
510 3249 742 3334 consumens),
772 3250 893 3329 seilicet
918 3248 1035 3314 codicis
1049 3249 1303 3315 vindobonensis
1325 3250 1464 3334 primum
1486 3250 1592 3333 (nobis
1614 3252 1670 3333 V),

323 3355 471 3419 hocloco
494 3356 651 3438 integrum
675 3355 823 3421 exhibere
846 3355 970 3419 adiecta
990 3355 1079 3419 varia
1101 3355 1243 3431 lectione,
1275 3375 1356 3438 quae
1381 3353 1509 3438 quidem<
1531 3354 1672 3439 aliquam

321 3458 494 3523 utilitatem
520 3458 659 3536 haberet,
692 3460 829 3545 exempli
856 3459 998 3523 eiusdem
1023 3456 1142 3523 codicis
1162 3458 1249 3522 tertii
1271 3457 1383 3542 (nobis
1406 3459 1459 3543 o),
1491 3458 1673 3541 quodcum

320 3562 430 3647 multis
454 3563 531 3628 locis
553 3571 670 3648 peccet,
693 3570 799 3627 tamen
822 3564 873 3627 hio
896 3562 964 3627 illio
987 3568 1018 3627 et
1039 3562 1148 3647 ipsum
1169 3562 1271 3626 solum
1294 3583 1403 3626 verum
1426 3563 1573 3627 servavit.
1609 3563 1669 3627 Re-

321 3666 464 3750 degimus
487 3666 521 3730 id
543 3666 583 3730 ad
607 3666 771 3750 antiquam
793 3687 942 3730 versuum
965 3666 1107 3742 formam,
1135 3671 1171 3729 ut
1193 3665 1318 3730 facilius
1342 3672 1583 3751 compararetur.
1629 3667 1669 3730 In

320 3771 440 3835 variam
463 3771 630 3837 lectionem
651 3771 736 3836 infra
759 3771 951 3859 propositam
970 3769 1045 3835 inde
1067 3790 1129 3835 non
1151 3770 1247 3853 intuli
1272 3770 1336 3835 nisi
1363 3792 1444 3855 quae
1465 3772 1558 3843 utilia
1580 3771 1670 3835 vide-

320 3880 437 3943 rentur.
