3734 5517
632 391 784 448 slavavs
804 391 1021 448 TIBVltTlNVS
1105 432 1108 438 ,
1446 399 1507 461 117

144 585 206 629 000
232 585 337 650 posse,
367 561 481 627 deinde
504 565 538 627 in
563 564 705 641 Quirinio
728 585 790 630 000
814 565 918 630 solum
940 565 1022 630 nihil
1045 567 1181 643 obstare,
1213 568 1269 633 sed
1292 568 1410 633 indicia
1432 590 1507 653 quo·

143 689 204 750 que
231 689 314 752 quae
338 683 435 750 supra
458 667 683 745 recensuimus,
708 667 846 732 maxime
868 669 1010 732 omnium
1032 670 1220 754 primarium
1242 670 1402 755 duplicem
1423 671 1506 755 lega·

143 772 266 835 tionem
289 771 463 854 Syriacam,
487 770 532 834 110
554 771 587 833 10
610 791 683 835 eum
707 771 882 848 convenire,
907 777 944 835 ut
966 771 1130 837 attributio
1146 773 1423 839 Sanclemcntiana
1444 795 1506 839 non

143 877 250 940 solum
273 873 449 960 probabilis
473 874 619 938 habenda
641 876 691 952 sit,
717 875 773 938 sed
796 875 890 959 plane
913 877 1056 959 probata.

255 979 303 1042 De
328 979 360 1042 C.
380 976 489 1040 Sentio
506 977 676 1042 Saturnino
700 999 801 1062 pauca
824 982 949 1042 tantum
972 978 1124 1054 dicemus,
1148 978 1204 1042 sed
1229 999 1309 1061 quae
1334 981 1503 1045 sufficiant.

142 1083 274 1147 Constat
303 1101 377 1144 eum
406 1099 532 1162 quoque
561 1081 720 1164 accepisse
752 1086 937 1144 ornamenta
959 1080 1167 1166 triumphalia
1195 1081 1278 1164 (llio
1294 1084 1346 1158 14,
1365 1083 1439 1165 28),
1469 1090 1505 1147 01

142 1192 332 1270 acceperunt
355 1204 392 1246 ea
415 1183 454 1246 ab
471 1185 615 1265 Augusto
638 1183 733 1247 duces
758 1184 920 1267 aliquanto
943 1184 1053 1268 plures
1076 1205 1173 1267 quam
1196 1185 1252 1268 qui
1272 1186 1373 1250 iustos
1394 1186 1504 1250 trium·

143 1290 219 1373 phos
246 1289 349 1370 egisse
372 1285 521 1350 dicuntur
547 1308 642 1371 super
672 1285 862 1371 triginta*).
915 1288 1052 1369 Reliqua
1081 1295 1186 1353 autem
1217 1288 1336 1354 indicia
1357 1289 1421 1353 tria
1441 1310 1503 1354 non

142 1393 334 1456 conveniunt
356 1391 389 1454 in
415 1390 631 1454 Saturninum.
671 1391 813 1456 Primum
837 1391 974 1474 duplicis
1001 1390 1111 1474 Syriae
1133 1391 1301 1474 legationis
1325 1412 1388 1455 non
1410 1392 1504 1458 modo

141 1496 292 1560 memoria
319 1492 409 1557 nulla
432 1500 532 1570 extat,
565 1493 621 1558 scd
643 1515 683 1558 ne
707 1494 811 1558 locum
835 1494 967 1578 quidem
989 1495 1159 1579 Zumptius
1182 1496 1212 1558 ei
1233 1495 1377 1558 invenire
1401 1496 1504 1579 potuit

141 1600 198 1664 nisi
223 1600 280 1676 ita,
304 1603 341 1661 01
363 1597 473 1680 Syriae
496 1597 637 1681 primum
660 1597 832 1682 praefuerit
857 1618 914 1682 per
937 1617 1036 1662 annos
1061 1599 1246 1674 729-731,
1273 1619 1334 1681 quo
1357 1605 1497 1683 tempore

141 1703 329 1767 Saturninus
352 1700 528 1785 praetorius
552 1701 617 1765 fuit
640 1722 698 1764 nec
721 1721 821 1786 capax
844 1702 1024 1786 provinciae
1047 1703 1189 1767 omnium
1210 1703 1407 1768 confessione
1429 1724 1501 1767 con·

140 1806 263 1869 solaris.
287 1841 329 1852 -
351 1803 473 1867 Deinde
496 1805 642 1887 quamvis
665 1805 835 1887 ignoretur,
861 1825 923 1890 quo
946 1827 1029 1870 0000
1052 1806 1243 1871 Saturninus
1267 1807 1352 1871 diem
1375 1807 1498 1882 obierit,

139 1930 195 1972 nec
218 1915 411 1972 memoratur
433 1915 505 1990 post
528 1928 554 1970 a.
570 1911 588 1971 7
592 1910 634 1972 59
656 1908 751 1991 (Vell.
767 1911 796 1984 2,
813 1911 886 1972 109.
902 1910 980 1993 110)
1001 1915 1120 1974 etanta
1135 1911 1316 1991 Augustum
1333 1931 1407 1974 eum
1420 1929 1500 1974 mor-

139 2019 228 2075 tuum
252 2033 321 2076 esse
345 2016 468 2076 0000101
488 2033 527 2074 ex
543 2011 669 2075 silentio
685 2011 798 2087 Taciti,
823 2013 912 2076 cuius
929 2013 1060 2076 annales
1077 2014 1117 2076 ab
1134 2033 1265 2077 excessu
1282 2012 1349 2076 divi
1364 2013 1501 2096 Augusti

139 2115 176 2178 ad
191 2135 219 2178 a.
237 2136 269 2177 u.
286 2136 313 2181 c.
334 2117 397 2179 782
420 2113 536 2197 integri
553 2121 724 2199 supersunt
739 2135 797 2178 nec
814 2115 989 2179 secundum
1009 2115 1193 2180 institutum
1210 2116 1347 2180 auctoris
1363 2116 1500 2180 1010011

142 2217 197 2281 viri
221 2217 313 2282 obitu
336 2223 440 2282 tacere
463 2219 649 2302 potuissent,
675 2217 703 2282 si
726 2218 760 2281 in
782 2218 855 2282 11100
873 2239 971 2283 00000
986 2217 1164 2284 incidisset.
1179 2256 1223 2264 —
1238 2219 1500 2284 Proconsulatum

139 2321 274 2405 denique
289 2321 386 2386 Asiae
404 2321 554 2397 excludit,
578 2320 617 2385 de
634 2341 695 2404 quo
712 2321 830 2404 optime
845 2322 970 2385 monuit
981 2322 1150 2386 Hennenus
1167 2322 1254 2406 (syll.
1272 2323 1401 2407 pasc),
1424 2323 1498 2386 Ter-

138 2426 300 2502 tullianus
319 2425 375 2507 qui
389 2425 447 2488 ubi
460 2423 658 2508 Carthaginis
675 2425 815 2490 00100100
831 2425 916 2490 vices
934 2425 1072 2489 breviter
1087 2427 1324 2510 comprehendit
1335 2425 1389 2509 (de
1400 2425 1497 2509 pallio

139 2533 211 2610 01)
236 2529 283 2592 010
306 2527 427 2604 scribit,
448 2539 525 2609 post
549 2532 663 2610 longos
682 2530 835 2593 Caesaris
858 2549 966 2593 monas
986 2531 1111 2593 maenia
1128 2530 1319 2610 Carthagini
1335 2531 1498 2593 Statiliam

141 2636 271 2696 Taurum
301 2633 539 2716 (proconsulem
561 2634 687 2698 Africae
712 2634 914 2717 718-720)
944 2637 1147 2714 imposuisse,
1175 2636 1342 2698 sollemnia
1364 2650 1497 2696 000000-

137 2741 218 2802 010οε
243 2739 384 2800 Sentiam
407 2739 620 2800 Saturninum.
674 2738 742 2800 lam
765 2758 836 2801 cum
867 2737 901 2800 in
924 2737 1015 2801 100110
1039 2736 1152 2801 0010110
1175 2739 1339 2819 Augustae
1361 2743 1426 2801 tres
1450 2737 1496 2800 in-

134 2841 302 2904 000100100
318 2839 421 2903 Sentii
437 2839 610 2916 Saturnini,
635 2840 756 2905 scilicet
779 2841 890 2904 consul
913 2841 1019 2905 0735
1039 2841 1068 2904 10
1085 2842 1141 2925 qui
1157 2848 1267 2925 postea
1283 2841 1393 2925 Syriae
1408 2862 1496 2925 prae-

138 2945 193 3009 1011
216 2945 339 3028 filiique
363 2943 431 3007 eius
454 2944 516 3008 duo
540 2945 684 3008 consules
707 2953 840 3028 uterque
857 2965 883 3008 a.
899 2946 973 3021 757,
998 2943 1230 3029 omnincpatcr
1246 2945 1387 3010 hocloco
1403 2945 1495 3008 intel·

138 3047 287 3129 legendus
308 3054 366 3124 est,
391 3068 430 3110 00
446 3047 557 3129 longae
581 3068 686 3112 morae
711 3047 827 3112 nimiae
852 3048 939 3110 fiant.
986 3049 1097 3130 ltaque
1120 3048 1148 3111 10
1173 3050 1263 3112 00100
1288 3055 1336 3112 001
1358 3047 1495 3129 elogium

137 3153 346 3228 Tiburtinum,
371 3151 517 3235 quisquis
539 3151 609 3227 1011,
635 3171 697 3214 000
720 3151 781 3215 1011
805 3153 837 3215 0.
857 3151 985 3215 Sentius
1003 3151 1204 3216 Saturninus·

243 3255 417 3318 Videamus
440 3256 479 3320 10
504 3257 536 3318 P.
555 3254 695 3338 Sulpicio
713 3255 866 3331 Quirinio.

220 3361 245 3424 l.
281 3359 411 3422 Tacitus
440 3359 480 3422 ad
508 3381 583 3422 00.
602 3381 627 3423 c.
647 3360 711 3422 774
740 3359 797 3422 ubi
828 3357 866 3422 de
897 3359 987 3422 obitu
1017 3359 1154 3435 Quirinii
1182 3357 1279 3422 refert
1308 3357 1354 3421 sic
1383 3357 1494 3422 scribit

135 3465 229 3547 (ann.
245 3465 274 3539 3,
291 3464 371 3546 48):
396 3466 592 3526 0000010100
614 3464 672 3526 sah
697 3466 770 3528 dioc
794 3465 938 3545 Augusto
963 3468 1012 3538 (0.
1030 3483 1056 3527 0.
1074 3464 1173 3539 742),
1203 3483 1277 3527 000
1299 3466 1492 3543 expugnatis

134 3589 192 3648 per
211 3568 354 3631 Ciliciam
370 3569 654 3631 Homonadensium
678 3569 820 3630 000101110
845 3569 988 3646 insignia
1004 3568 1154 3646 triumphi
1170 3569 1315 3647 adeptas,
1339 3569 1494 3646 datusque

137 3682 241 3736 rector
263 3673 295 3734 C.
317 3671 451 3734 Caesari
467 3672 643 3732 Armeniam
660 3671 812 3732 obtinenti
837 3668 891 3750 (u.
907 3689 933 3731 c.
952 3669 1049 3751 756).
1099 3668 1213 3733 Strabo
1232 3670 1282 3744 12,
1300 3671 1329 3743 6,
1346 3669 1365 3731 5
1382 3689 1411 3751 p.
1427 3670 1490 3732 569

138 3777 200 3840 Cas.
226 3780 396 3860 postquam
419 3776 558 3838 narravit
582 3773 848 3849 Homonadenses,
873 3774 930 3856 qui
953 3778 1029 3837 sunt
1050 3772 1085 3836 in
1109 3793 1232 3836 summo
1255 3778 1361 3835 monte
1375 3771 1489 3846 Tauro,

137 3879 328 3944 interfecisse
354 3879 524 3961 Amyntam
549 3898 655 3959 regem
678 3876 819 3940 Galatiae
850 3876 1091 3958 vicinarumque
1118 3876 1281 3956 regionum
1304 3873 1351 3937 ita
1372 3877 1488 3959 pergit:

137 3983 265 4051 ἐκείνους
288 3982 376 4064 (τοὺς
393 3979 602 4065 (Ομοναδέας)
627 3982 660 4043 δὲ
685 3978 823 4064 Κυρίνιος
848 3979 1032 4066 ἐξεπόρθησε
1061 3983 1138 4063 λιμῷ
1166 3979 1217 4041 καὶ
1238 3980 1490 4063 τετρακισχιλίους

136 4086 238 4171 ἄνδρας
262 4087 417 4172 ἐζώγρησε
440 4087 490 4148 καὶ
514 4085 675 4171 συνῴκισεν
700 4086 743 4154 εἰς
765 4085 817 4153 τὰς
841 4085 929 4167 ἐγγὺς
951 4083 1063 4158 πόλεις,
1087 4084 1140 4165 τὴν
1165 4083 1200 4144 δὲ
1222 4083 1325 4166 χώραν
1349 4083 1488 4145 ἀπέλιπεν

137 4188 240 4276 ἔρημον
263 4194 322 4253 τῶν
348 4190 378 4253 ἐν
402 4191 495 4272 ἀκμῇ.
528 4190 682 4271 Amyntas
707 4208 761 4250 rex
785 4208 895 4250 caesus
919 4193 968 4249 001
991 4206 1109 4251 a.u.c.
1127 4187 1205 4263 7293
1234 4186 1489 4249 llomonadenses

199 4497 228 4556 *)
249 4495 408 4562 Quamquam
429 4510 561 4547 numerum
583 4496 657 4558 hunc,
678 4511 754 4562 quem
773 4496 862 4562 posuit
880 4495 1022 4548 Suetonius
1037 4493 1103 4561 Aug.
1117 4493 1161 4556 38,
1181 4494 1287 4546 nimium
1307 4508 1366 4544 esse
1385 4492 1489 4543 tabulae

137 4581 206 4636 10100
228 4583 353 4650 temporis
372 4581 542 4648 triumphales
561 4581 772 4634 ostendentium
791 4581 924 4648 expletae:
950 4596 1009 4632 nam
1027 4581 1060 4632 ab
1080 4597 1103 4630 a.
1117 4579 1167 4630 711
1189 4583 1218 4630 01
1235 4579 1379 4645 triumphos
1398 4593 1488 4629 omnes

137 4683 250 4720 numeres
268 4672 371 4735 praeter
390 4668 474 4736 ipsius
493 4668 605 4735 Augusti
625 4669 760 4720 ovationes
786 4667 850 4720 duas
874 4668 1072 4736 triumphosque
1092 4670 1144 4718 tres
1164 4670 1190 4717 et
1209 4665 1315 4718 Antonii
1334 4666 1490 4727 ovationem,

138 4769 181 4805 uon
200 4755 365 4822 reperiuntur
384 4754 435 4806 nisi
455 4754 505 4806 duo
524 4758 551 4806 01
569 4754 670 4822 viginti.
