3734 5517
772 373 818 440 VI,
833 373 954 429 13—23
1503 375 1544 440 99

184 565 262 610 nam
291 546 330 609 de
358 545 430 630 ipsa
452 547 485 610 vi
515 553 547 610 et
568 552 723 631 potestate
745 546 871 629 imperii
895 539 1081 630 deponenda
1104 548 1219 612 Caesar
1241 569 1281 612 ne
1304 549 1452 632 cogitavit
1474 551 1544 633 qui·

184 650 276 726 dem,
306 649 346 714 de
368 649 531 719 reddenda
552 649 798 714 extraordinaria
820 653 975 733 potestate
997 669 1060 714 non
1084 650 1187 715 solum
1209 652 1368 732 cogitavit,
1396 654 1451 717 sed
1474 674 1545 718 cam

183 773 259 817 vere
281 753 397 838 populo
419 751 567 830 reddidit,
591 759 754 817 contentus
779 773 817 816 ex
841 771 876 816 eo
898 752 974 816 inde
995 759 1135 838 tempore
1156 755 1396 835 magistratibus
1412 757 1476 820 sib'i
1491 757 1544 821 de·

182 856 260 922 latis
284 863 316 920 et
337 863 498 940 praeterea
520 855 674 940 principis
697 855 887 936 dignatione.
922 855 988 920 Nec
1010 856 1111 920 multo
1133 856 1247 921 melius
1270 858 1330 923 Dio
1354 866 1425 942 post
1447 859 1545 924 victo·

182 961 265 1024 riam
281 961 444 1026 Actiacam
460 960 626 1024 Gaesarem
648 958 1021 1024 inducitdaliberantem
1045 959 1083 1023 de
1112 960 1213 1024 forma
1235 959 1450 1047 reipublicae
1472 981 1544 1028 con-

182 1064 365 1128 stituendae
388 1083 522 1146 cumque
538 1062 683 1148 Agrippa
704 1081 831 1126 causam
847 1068 990 1126 tueretur
1004 1061 1123 1147 liberae
1139 1063 1355 1147 reipublicae,
1379 1067 1543 1143 Maecenas

182 1168 289 1250 regni,
319 1167 393 1231 huic
416 1166 588 1231 eumfacit
610 1165 852 1243 adsentientem
885 1165 999 1230 deinde
1020 1167 1054 1230 in
1078 1166 1206 1230 biennio
1230 1187 1257 1230 a
1275 1170 1350 1233 726.
1366 1171 1430 1234 727
1455 1191 1543 1234 enar·
1648 1192 1664 1214 ·

182 1271 284 1336 rande
307 1271 410 1336 multa
431 1270 560 1354 quidem
576 1270 674 1354 ponit,
699 1287 780 1353 quae
796 1289 869 1333 vera
885 1269 1045 1353 pertinent
1059 1269 1099 1333 ad
1115 1289 1182 1332 rem
1197 1270 1360 1353 publicam
1375 1273 1548 1351 redditam,-

182 1376 240 1440 ssd
266 1395 424 1440 summam
445 1374 492 1438 rei
515 1393 550 1436 en
573 1373 741 1449 concludit,
766 1379 803 1436 ut
824 1372 909 1438 dicat
925 1374 1090 1438 Gaesarem
1116 1379 1279 1437 1111111111
1301 1394 1321 1436 a
1342 1383 1456 1442 senatu
1476 1399 1543 1442 rem

182 1478 349 1563 publicam
370 1477 539 1540 retinuisse
564 1476 719 1559 (1111).
756 1476 836 1538 Vere
860 1496 911 1539 res
927 1476 974 1540 ita
988 1483 1119 1560 peracta
1133 1484 1192 1541 est.
1237 1477 1296 1540 Rei
1309 1479 1457 1562 publicae
1470 1498 1543 1544 con-

182 1582 365 1648 stituendae
387 1586 527 1666 potestas
543 1580 669 1644 Caesari
691 1579 830 1664 primuni
845 1579 1001 1664 permissa
1022 1585 1071 1643 est
1093 1601 1121 1646 a.
1135 1583 1196 1644 711
1222 1580 1291 1663 lege
1302 1582 1387 1646 Titia
1400 1584 1435 1646 in
1451 1585 1542 1668 quin-

182 1685 375 1770 quennium,
404 1683 520 1748 deinde
541 1683 724 1747 continuata
750 1682 782 1745 in
807 1682 941 1746 alterum
966 1682 1233 1766 quinquennium,
1261 1684 1445 1750 continuata
1465 1687 1542 1752 item

183 1791 254 1854 sine
277 1787 412 1852 termino
436 1791 520 1850 certo
541 1791 614 1871 post
635 1785 759 1850 finitum
783 1785 981 1862 decennium,
1005 1807 1078 1850 cum
1100 1786 1134 1849 in
1150 1785 1220 1870 ipsc
1235 1787 1304 1850 1111
1320 1788 1407 1852 exitu
1422 1788 1541 1854 bellum

183 1892 403 1958 Antonianum
425 1888 581 1972 coepisset
596 1895 627 1952 et
640 1888 790 1952 universa
804 1888 898 1950 ltalia
913 1889 1081 1952 Gaesarem
1104 1888 1217 1953 ducem
1232 1889 1414 1974 deposceret
1431 1893 1544 1978 (supra

185 2000 215 2074 5,
233 1997 280 2080 3).
314 1994 505 2058 Continuata
527 1999 633 2056 autem
655 1998 705 2055 est
726 1991 795 2072 lege
819 1990 858 2054 de
881 2011 919 2054 ea
942 2012 975 2054 re
992 1992 1081 2055 nulla
1096 1992 1163 2056 lata
1177 1999 1244 2056 tam
1259 2013 1287 2058 a.
1301 1997 1364 2056 7l7
1389 1995 1540 2080 (Appian.

184 2101 214 2164 b.
233 2121 259 2163 c.
279 2101 309 2174 5,
327 2099 384 2176 95)
408 2117 503 2180 qnam
526 2117 553 2160 a.
572 2099 590 2159 7
595 2098 652 2172 22;
682 2115 784 2178 neque
808 2096 941 2160 obscure
964 2095 1121 2177 significat
1143 2097 1305 2177 Augustus
1327 2097 1361 2160 in
1385 2118 1542 2166 commen-

182 2205 265 2269 tario
288 2208 476 2288 potestatem
498 2201 589 2264 illam
612 2199 892 2264 extraordinariam
915 2220 978 2264 nen
1001 2199 1070 2282 lege
1092 2220 1127 2263 se
1149 2199 1335 2275 obtinuisse,
1358 2201 1413 2264 sed
1436 2223 1542 2269 rerum

184 2307 330 2374 omnium
353 2305 488 2389 potitum
512 2323 581 2367 esse
602 2323 859 2384 perscorensem
880 2306 1109 2367 universorum.
1148 2302 1229 2366 Nam
1252 2303 1306 2385 qui
1330 2307 1541 2385 consentiunt,

183 2433 248 2477 non
278 2417 345 2474 tam
374 2409 546 2472 decamnnt
575 2427 667 2490 qnam
692 2407 828 2490 probant
849 2403 1058 2489 laudantque,
1087 2427 1145 2470 nec
1166 2427 1236 2470 raro
1257 2406 1293 2470 in
1313 2407 1417 2472 titulis
1440 2413 1542 2476 muni·

184 2515 344 2601 cipalibus
367 2512 431 2576 sibi
454 2517 654 2594 opponuntur
677 2510 837 2574 decretum
860 2519 990 2574 senatus
1013 2510 1179 2594 plebisque
1202 2529 1390 2586 censensus,
1423 2513 1544 2579 scilicet

183 2621 236 2684 cni
266 2618 319 2681 ius
346 2615 470 2680 nullum
500 2620 584 2677 esset
612 2614 675 2676 nisi
704 2619 759 2676 aut
781 2612 954 2697 plaudendi
978 2619 1034 2676 aut
1056 2613 1218 2696 querendi.
1269 2613 1457 2679 Reddidisse
1478 2618 1543 2681 Au-

183 2730 315 2807 gustum
343 2741 409 2784 rem
441 2717 601 2803 publicam
630 2736 691 2780 non
722 2735 785 2779 uno
810 2723 897 2791 actu,
929 2716 985 2779 sed
1014 2717 1162 2780 continuo
1190 2716 1315 2780 biennio
1344 2719 1460 2783 1726.
1479 2723 1542 2785 727

183 2831 308 2912 praeter
331 2824 437 2908 ipsum
460 2822 555 2886 ctiam
570 2821 630 2885 Dio
645 2821 810 2903 significat,
834 2841 938 2903 neque
953 2820 1046 2884 aliter
1059 2820 1129 2884 fleri
1142 2821 1259 2904 potuit:
1283 2821 1443 2885 reddenda
1458 2825 1543 2890 enim

184 2938 277 2994 erant
299 2927 415 3013 populo
444 2925 598 2990 exercitus
622 2925 800 3009 provinciae
828 2924 1034 3006 magistratus
1057 2924 1241 3007 reditusque
1263 2924 1315 3008 (τὰ
1337 2924 1414 2988 ὅπλα
1435 2928 1485 2990 καὶ
1507 2930 1544 2992 τὰ

185 3034 258 3118 ἔθνη
283 3033 335 3096 καὶ
358 3032 389 3096 αἱ
410 3031 502 3114 ἀρχαὶ
523 3030 574 3092 καὶ
596 3029 633 3091 τὰ
653 3029 795 3113 χρήματα
818 3028 875 3090 llic
900 3029 951 3103 52,
973 3030 1024 3091 13.
1054 3029 1093 3090 cl.
1119 3028 1171 3103 53,
1187 3030 1219 3090 4.
1236 3031 1266 3091 9.
1286 3029 1351 3110 10).
1404 3029 1545 3096 Pertinet

186 3139 228 3202 ad
257 3157 324 3200 rem
354 3129 514 3219 publicam
544 3132 717 3208 redditam,
753 3131 838 3214 qnod
872 3132 911 3195 dc
947 3132 1114 3196 consulatu
1146 3153 1174 3195 a.
1199 3132 1261 3194 726
1292 3130 1351 3193 Dio
1381 3131 1545 3198 adnotavit

185 3243 261 3326 (53,
290 3239 511 3322 1)611111111
539 3234 712 3298 secundum
744 3235 1006 3299 consuetudinem
1035 3235 1198 3317 antiquam
1226 3232 1357 3297 alternis
1379 3235 1544 3301 mensibus

185 3348 291 3410 lascss
312 3340 484 3406 tradidisse
507 3339 644 3421 collegae
667 3339 826 3422 Agrippae
856 3345 887 3401 et
916 3339 1083 3402 abeuntem
1111 3337 1332 3419 magistratum
1360 3339 1543 3404 eiuravisse.

186 3449 331 3513 Pertinet
352 3443 462 3510 ecdem
485 3443 518 3506 ni
540 3442 632 3506 fallor
655 3461 787 3505 censura
809 3449 881 3525 post
904 3462 1003 3505 annos
1025 3440 1234 3524 qnadraginta
1249 3440 1311 3504 duc
1327 3446 1396 3504 tum
1411 3444 1544 3507 1111111-

186 3561 265 3617 tata.
303 3549 446 3614 Pertinet
468 3546 577 3610 eodem
600 3565 706 3608 eorum
729 3565 809 3626 quae
825 3565 882 3629 per
897 3545 984 3609 bella
998 3545 1106 3608 civilia
1120 3550 1229 3607 contra
1243 3543 1294 3608 ins
1308 3544 1457 3628 legesque
1474 3567 1544 3610 con-

188 3657 304 3721 stituta
327 3658 417 3716 erant
439 3649 568 3714 abolitio
591 3647 703 3725 edicto,
729 3669 790 3731 quo
813 3649 968 3712 terminus
990 3647 1076 3711 hisce
1092 3647 1281 3712 constitutus
1297 3649 1427 3731 cstipse
1442 3669 1557 3714 11111ι

127 3749 135 3761 ’
186 3756 492 3844 septingentesimus
516 3753 685 3816 vicesimus
709 3761 817 3816 sextus
841 3753 916 3836 (Dic
933 3753 984 3829 53,
997 3753 1032 3816 21
1058 3752 1162 3835 ἐπειδὴ
1184 3752 1280 3814 πολλὰ
1303 3753 1377 3813 πάνυ
1495 3757 1546 3818 καὶ

185 3863 310 3948 ἀνόμως
333 3863 383 3924 καὶ
398 3859 508 3926 ἀδίκως
524 3858 671 3942 descripsi,
695 3857 789 3919 πάντα
805 3857 880 3920 αὐτὰ
901 3857 940 3920 δι’
955 3857 1021 3925 ἑνὸς
1034 3857 1264 3941 προγράμματος
1277 3853 1453 3933 κατέλυσεν,
1479 3857 1545 3942 ὅρον

184 3970 239 4052 τὴν
265 3967 355 4048 ἕκτην
379 3963 470 4026 αὐτοῦ
495 3962 634 4024 ὑπατείαν
657 3960 823 4044 προσθείς).
865 3959 925 4022 Sed
950 3960 1040 4041 longe
1064 3957 1285 4040 gravissimum
1308 3958 1546 4043 maximumque

185 4079 256 4138 erat
278 4067 442 4151 negotium
464 4065 697 4150 provinciarum
727 4064 867 4126 emnium
896 4083 969 4125 cum
998 4061 1065 4124 1111
1095 4060 1434 4125 exercitibnssenatui
1456 4063 1547 4127 resti·

186 4176 391 4248 tuendarum,
416 4170 506 4234 cuius
530 4167 738 4231 restitutionis
762 4166 801 4228 de
818 4167 895 4229 Asia
917 4164 1080 4248 provincia
1102 4163 1194 4240 testis
1217 4169 1266 4227 cst
1287 4184 1436 4227 nummus
1451 4185 1549 4250 supra

188 4282 307 4345 citatus
331 4277 366 4340 in
389 4275 459 4360 ipsa
482 4273 560 4337 Asia
582 4292 676 4334 cuens
700 4291 770 4334 cunr
793 4269 945 4352 inscripto
968 4286 1050 4331 anne
1074 4267 1147 4331 726.
1195 4266 1232 4330 Id
1255 4266 1360 4351 ipsum
1383 4269 1550 4333 enuntiant

186 4385 288 4450 verba
310 4387 436 4467 poetae,
464 4397 598 4460 quornm
621 4381 692 4460 post
715 4375 901 4438 Merkelinm
926 4372 1019 4456 (prol.
1037 4371 1078 4435 ad
1092 4373 1164 4435 fast.
1182 4392 1213 4456 p.
1226 4371 1285 4453 nx)
1309 4369 1547 4456 maletsmpta

184 4499 295 4554 torum
325 4486 381 4568 (6.
400 4486 423 4547 l.
441 4484 475 4546 L.
498 4484 513 4545 1
536 4502 566 4565 p.
581 4481 665 4562 384)
697 4478 790 4543 hodie
817 4499 867 4542 ms
894 4477 1050 4562 paenitet,
1081 4475 1133 4540 die
1162 4475 1293 4538 Ian.13
1323 4474 1445 4540 scilicet
1472 4478 1548 4541 anni

187 4595 255 4658 727
279 4589 397 4676 populo
422 4605 546 4652 omnem
568 4583 764 4670 provinciam
788 4581 943 4646 redditam
967 4601 1046 4657 esse,
1070 4581 1164 4664 plane
1186 4587 1223 4642 11
1240 4578 1297 4641 Dic
1310 4578 1395 4658 53,9
1417 4578 1548 4663 loquen-

185 4704 257 4762 tem
285 4691 410 4758 inducit
433 4692 600 4753 ansarem
628 4710 655 4750 1.
670 4687 749 4750 7271
780 4685 948 4770 ἀποδίδωμι
978 4687 1045 4767 ὑμῖν
1074 4685 1124 4748 καὶ
1152 4682 1188 4745 τὰ
1218 4681 1297 4745 ὅπλα
1324 4683 1375 4745 καὶ
1403 4683 1440 4745 τὰ
1463 4681 1547 4766 ἔθνη.

187 4799 323 4866 Scilicet
345 4797 457 4862 Asiam
484 4794 678 4879 provinciam
706 4813 778 4856 cum
807 4791 997 4856 restituisset
1025 4812 1052 4853 a.
1068 4791 1142 4866 726,
1174 4785 1357 4849 nniversam
1379 4786 1548 4850 restitutio

1305 4908 1339 4958 7*
