3734 5517
129 561 149 604 ro
177 539 235 603 siue
275 537 341 603 ulla
384 536 588 621 inscriptione
633 538 787 603 nominis*
815 540 878 603 mei
930 539 1015 603 riuos
1061 560 1215 624 aquarum
1259 542 1473 627 compluribus
1518 542 1631 641 locis'

175 648 316 707 uetustate
368 641 510 706 labentes
561 642 657 705 refeci
700 649 733 707 et
777 664 890 727 aquam
943 664 1024 727 quae
1068 645 1169 709 maria
1212 647 1390 731 appellatur
1435 646 1597 732 duplicaui

174 748 246 811 fonte
299 765 379 810 uouo
435 745 468 810 in
525 746 629 810 riuum
685 747 753 811 eius
809 748 952 813 immisso
1008 749 1110 813 forum
1164 749 1280 814 iulium
1340 759 1372 816 et
1430 751 1596 816 basilicam

175 872 243 934 quae
291 851 350 915 fuit
401 850 483 915 iuter
536 850 646 914 aedem
695 851 827 915 castoris
877 859 909 916 et
958 851 1067 917 aedem
1113 854 1234 917 saturni
1280 864 1391 940 caepta
1433 856 1598 940 profligata

175 977 256 1039 opera
310 977 329 1019 a
380 962 468 1039 patre
517 975 586 1018 meo
640 955 757 1039 perfeci
809 964 841 1020 et
890 955 1022 1021 eandem
1074 957 1239 1023 basilicam
1290 965 1507 1023 consumebam
1562 958 1598 1022 in

129 1080 147 1123 15
273 1059 457 1144 ampliatam
472 1057 514 1144 25)
553 1059 621 1123 eius
659 1058 725 1123 solo
763 1059 822 1123 sub
861 1058 954 1123 titulo
1137 1062 1274 1126 nominis
1311 1062 1448 1127 filiorum

289 1210 330 1225 ..
376 1164 471 1228 uiuus
509 1183 571 1228 uon
609 1162 809 1247 perfecissem
853 1164 971 1248 perfeci
984 1163 1029 1248 26)
1075 1166 1115 1228 ab
1157 1164 1347 1230 haeredibus
1362 1166 1406 1251 if)
1453 1211 1595 1227 .....

356 1313 396 1329 ..
442 1268 565 1350 uirgine
616 1267 797 1351 exemplum
811 1266 854 1352 ²⁸)
905 1268 1002 1333 deum
1044 1269 1077 1332 in
1122 1269 1200 1334 urbe
1251 1291 1349 1336 consu
1388 1316 1595 1333 .......

436 1372 503 1435 feci
539 1370 636 1435 fluuio
675 1371 896 1456 praetermisso
936 1372 1038 1456 quod'
1060 1379 1146 1458 temp
1185 1418 1595 1438 .............

176 1520 466 1537 ..........
513 1481 1595 1542 et

126 1600 145 1642 ro
173 1622 626 1640 ...............
648 1642 650 1645 ,
652 1623 1596 1646 .............................

288 1726 826 1744 .................
862 1682 973 1748 ultoris
1007 1685 1162 1770 templum
1197 1707 1394 1772 quorumque
1429 1693 1599 1771 augustum

174 1796 199 1851 et
227 1786 380 1872 templum
419 1785 566 1870 apollinis
603 1785 638 1850 in
676 1786 742 1851 solo
777 1806 926 1869 maguam
961 1794 1082 1872 partem

97 1876 99 1929 l
173 1898 262 1975 empto
294 1892 356 1955 feci
392 1890 475 1973 quod
511 1910 566 1953 suo
600 1889 728 1953 nomine
761 1911 794 1953 m
828 1891 971 1956 marcelli
1001 1893 1110 1957 ueneri
1156 1939 1599 1959 ..............

97 2050 103 2081 ,
173 1996 304 2059 manibus
337 1996 371 2059 in
405 1994 553 2079 capitolio
588 1999 619 2059 et
649 1993 685 2057 in
719 1993 796 2058 aede
831 1994 899 2058 diui
933 1994 1006 2059 iulii
1034 2002 1065 2059 et
1094 1998 1127 2061 in
1157 1999 1234 2063 aede
1263 2000 1411 2084 apollinis
1441 2008 1473 2064 et
1500 2001 1535 2064 in
1564 2021 1601 2064 ae

126 2118 145 2161 a
174 2100 205 2163 de
245 2108 332 2165 ueste
379 2105 410 2164 et
450 2100 483 2163 iu
528 2098 647 2183 templo
692 2099 802 2191 martis
846 2100 977 2164 uictoris
1023 2104 1204 2165 consecraui
1249 2124 1330 2187 quae
1374 2105 1455 2169 mihi
1501 2104 1603 2170 consti

172 2209 263 2269 terunt
277 2204 320 2289 ²⁹)
383 2204 507 2269 circiter
565 2201 706 2266 millenis
767 2203 836 2267 auri
895 2204 1047 2269 coronarii
1064 2204 1106 2288 30)
1167 2207 1271 2291 pondo
1332 2208 1462 2291 triginta
1523 2209 1601 2292 quin
1629 2188 1634 2202 x

172 2329 221 2391 que
252 2309 391 2375 millium
428 2306 611 2391 municipiis
649 2315 681 2372 et
718 2308 848 2372 coloniis
864 2308 906 2393 31)
942 2309 1049 2373 italiae
1084 2310 1318 2375 conferentibus
1353 2333 1388 2376 ac
1422 2312 1601 2397 triumphos

97 2442 98 2457 π
172 2433 245 2476 meos
277 2413 425 2497 quintum
460 2410 568 2475 consul
603 2411 712 2475 remisi
747 2418 778 2475 et
813 2418 922 2497 postea
956 2412 1227 2497 quotienscunque
1261 2415 1432 2500 imperator
1469 2439 1502 2482 m
1525 2462 1534 2477 .
1559 2462 1567 2477 .
1593 2462 1601 2477 .

173 2560 466 2579 ..........
514 2515 582 2579 auri
629 2515 825 2580 coronarium
870 2535 932 2580 non
978 2516 1084 2601 accepi
1130 2517 1372 2583 decernentibus
1418 2519 1601 2604 municipiis

97 2634 144 2727 „³⁰
171 2663 1036 2682 ...........................
1091 2641 1172 2704 quae
1217 2631 1290 2687 aute
1306 2623 1348 2707 32)
1401 2624 1602 2688 decreueram

123 2740 143 2782 aa
172 2726 203 2784 ,ζ
225 2770 1233 2788 ...............................
1281 2735 1407 2813 tempus
1454 2727 1604 2794 defuncta

124 2842 144 2886 so
172 2850 231 2893 rum
267 2832 478 2895 africanarum
515 2848 585 2892 meo
619 2829 745 2893 nomine
784 2837 839 2894 aut
875 2829 1013 2894 filiorum
1050 2850 1190 2894 meorum
1230 2839 1261 2895 et
1297 2839 1447 2916 nepotum
1485 2834 1520 2896 in
1558 2833 1604 2897 cir

172 2952 200 2996 cc
227 2980 233 2995 .
257 2980 265 2995 .
289 2980 297 2996 .
323 2980 332 2995 .
367 2940 422 2997 aut
456 2933 488 2996 iu
524 2934 590 2996 foro
605 2932 649 3017 ³³)
684 2938 739 2997 aut
771 2932 804 2997 in
840 2934 1081 3018 amphitheatris
1115 2934 1212 3019 popul
1258 2980 1432 2997 ......
1487 2937 1603 3020 quibus

97 3052 98 3087 ÷
170 3038 296 3102 confecta
370 3044 444 3102 suut
518 3036 690 3100 bestiarum
759 3037 883 3101 circiter
956 3038 1053 3102 trium
1119 3039 1258 3103 millium
1326 3046 1358 3104 et
1432 3042 1604 3124 quingenta

97 3146 98 3181 Ὗ
171 3142 282 3207 naualis
328 3126 441 3227 praelii
487 3140 702 3226 spectaculum
747 3142 845 3226 popul
899 3187 1107 3204 .......
1154 3143 1290 3207 liberu'm
1342 3144 1376 3209 in
1429 3166 1490 3229 quo
1535 3146 1604 3210 loco

172 3264 243 3310 nuuc
287 3268 401 3311 nemus
446 3252 494 3310 est
539 3264 702 3309 caesarum
740 3252 850 3310 cauato
896 3292 1204 3309 ..........
1266 3243 1463 3332 longitudine
1513 3249 1604 3314 mille

97 3348 144 3406 ³c
172 3355 198 3412 et
251 3351 445 3433 octingentos
504 3349 600 3435 pedes
660 3351 693 3415 iu
754 3350 922 3416 latitudine
983 3352 1080 3438 pedes
1140 3352 1269 3418 ducenti
1329 3354 1363 3417 in
1432 3375 1494 3438 quo
1562 3356 1605 3420 tri

97 3484 98 3487 ¹
171 3452 247 3533 ginta
294 3459 429 3520 rostrato
481 3474 579 3519 naues
630 3455 837 3538 triremesque
889 3455 1045 3540 plurimae
1091 3501 1602 3522 ................

169 3577 298 3623 rumores
352 3558 435 3623 inter
487 3580 520 3623 sc
571 3558 780 3623 conflixerunt
824 3604 1603 3627 ........................

97 3666 99 3705 ¹
167 3669 235 3725 runt
281 3668 406 3747 praeter
457 3662 591 3745 remiges
641 3662 746 3727 millia
791 3708 999 3724 .......
1046 3665 1173 3730 circiter
1227 3712 1604 3731 ............

97 3768 99 3781 ‘
172 3764 200 3826 in
240 3766 370 3851 templis
421 3766 562 3830 omnium
614 3767 792 3831 ciuitatium
836 3789 857 3853 p
887 3813 1097 3831 .......
1152 3777 1184 3835 et
1239 3772 1324 3835 asiae
1377 3771 1479 3837 uictor
1528 3793 1605 3837 orna

97 3876 268 3933 *omenta
312 3871 439 3955 reposui
490 3890 570 3954 quae
622 3871 765 3955 spoliatis
817 3873 945 3958 templis
991 3918 1600 3939 ...................

172 3972 312 4055 priuatim
358 3974 540 4059 possederat
588 3980 710 4040 statuae
756 4021 1131 4039 ............
1151 3960 1158 3967 ’
1156 4024 1533 4043 ............

172 4079 371 4163 quadragenis
440 4080 595 4163 argenteis
664 4087 818 4145 steterunt
884 4081 916 4145 iu
977 4082 1055 4145 urbe
1115 4104 1150 4146 ac
1210 4084 1334 4149 circiter
1395 4106 1473 4169 quas
1532 4086 1602 4171 ipse

173 4184 279 4247 sustuli
317 4206 358 4247 ex
395 4205 459 4268 qua
496 4184 535 4248 de
572 4184 711 4273 pecunia
749 4185 831 4251 dona
869 4206 963 4250 aurea
1006 4186 1040 4249 in
1078 4186 1186 4251 aedem
1225 4189 1373 4273 apollinis
1410 4210 1480 4254 meo
1518 4192 1605 4255 nomi

171 4306 204 4349 uo
260 4297 292 4353 et
351 4290 489 4355 filiorum
551 4310 631 4374 quac
692 4290 771 4355 mihi
830 4297 1008 4356 statuerunt
1066 4292 1215 4360 honorem
1274 4293 1454 4358 habuerunt
1512 4295 1605 4380 posui

154 4635 185 4701 ²⁵)
202 4648 322 4715 ampliato
341 4650 411 4701 Bais.
521 4644 559 4713 ²⁶)
579 4647 668 4717 perfici
685 4668 700 4699 v
807 4645 846 4714 ²²)
865 4648 1036 4701 heredibuac
1126 4646 1163 4712 ²⁸)
1183 4651 1311 4717 templav
1412 4645 1450 4711 ²⁹)
1468 4658 1509 4701 sss
1526 4652 1571 4699 ins.
1591 4669 1606 4698 υ

97 4704 118 4773 ”l
132 4734 226 4784 coronari
242 4754 256 4784 c
363 4732 401 4796 31)
421 4736 555 4788 colouisv
662 4733 701 4798 ³²)
721 4740 797 4791 autea
814 4758 829 4788 v
936 4735 974 4799 ³³)
993 4738 1019 4789 iu
1039 4738 1108 4789 circo
1127 4737 1249 4789 aueuioro
1269 4736 1359 4789 autin
1377 4736 1433 4788 foro
1451 4755 1466 4785 v
