3734 5517
380 357 441 422 138

422 535 495 618 Cap.
513 534 630 601 XXIII.
1038 594 1042 601 .

480 643 509 685 ιν
525 642 627 686 43-48
651 623 765 687 Proelii
789 623 911 686 naualis
936 623 1159 709 spectaculum.

422 727 466 789 Ca
490 775 496 790 .
514 726 627 790 XXIV.

467 747 506 893 pre
525 849 626 895 «eu-51
652 830 746 894 Asiae
771 831 899 914 templis
923 837 1109 896 ornamenta
1131 832 1170 896 ab
1195 831 1331 896 Antonio
1354 837 1464 914 erepta
1483 830 1640 896 restituta.

525 954 628 999 at-se
651 934 780 998 Statuae
804 943 969 1017 argenteae
993 937 1144 999 conflatae
1168 936 1312 1019 donaque
1334 935 1409 1004 inde
1432 934 1544 1019 posita.

421 1039 705 1192 bap‘thP-(A‘A'Mare
728 1132 873 1210 pacatum
900 1126 982 1189 bello
1006 1134 1115 1191 contra
1138 1127 1210 1193 Sex.
1233 1129 1426 1213 Pompeium.

1775 1310 1776 1369 l

526 1247 598 1294 a-s
622 1232 755 1308 Quinam
792 1231 964 1296 iuraverint
999 1232 1032 1294 in
1065 1233 1160 1297 verba
1190 1233 1387 1316 imperatoris
1418 1230 1500 1296 bello
1531 1230 1659 1297 Actiaco
1690 1237 1721 1292 et
1775 1236 1776 1293 l

674 1334 712 1398 de
736 1335 837 1417 gratia
856 1335 1038 1398 iurantibus
1062 1334 1172 1400 relata.

420 1440 494 1522 Cap.
511 1439 624 1502 XXVI.
923 1491 926 1506 .

489 1547 547 1590 vs.
564 1547 592 1591 10
624 1527 863 1592 Provinciarum
886 1528 967 1591 fines
989 1527 1084 1591 aucti.

525 1650 625 1694 ro-ra
649 1631 769 1694 Galliae
792 1638 823 1695 et
845 1631 1017 1719 Hispaniae
1041 1640 1179 1716 pacatae.

525 1753 627 1798 12-—14
650 1735 765 1800 Gentes
787 1735 924 1819 Alpinae
947 1735 1106 1799 subactae.

526 1857 628 1902 14-18
652 1838 770 1902 Classis
793 1839 827 1902 in
850 1837 1010 1904 Oceanum
1032 1839 1201 1921 navigatio.
1239 1837 1425 1919 Legationes
1450 1837 1635 1922 populorum
1652 1838 1719 1900 Ger·
1775 1898 1776 1911 ,

672 1963 846 2010 manorum.

524 2067 625 2112 18—24
646 2047 809 2113 Exercitus
833 2049 866 2113 iu
889 2047 1090 2134 Aethiopiam
1114 2054 1145 2111 et
1168 2049 1199 2112 in
1223 2048 1374 2112 Arabiam
1399 2045 1494 2110 ducti.

300 2137 304 2148 ’
418 2152 491 2236 Cap.
509 2151 639 2217 XXVII.

488 2259 550 2304 vae
595 2243 757 2325 Aegyptus
781 2239 914 2326 imperio
939 2239 1071 2303 adiecta.

522 2363 623 2407 ac-ar
646 2343 692 2406 De
716 2343 810 2406 rebus
834 2345 1064 2408 Armeniorum.

522 2467 624 2510 ar—ae
647 2446 829 2510 Provinciae
853 2454 1053 2531 recuperatae
1076 2446 1116 2510 ab
1140 2446 1277 2510 Antonio
1301 2453 1332 2509 et
1354 2467 1373 2509 a
1396 2445 1469 2510 Sex.
1487 2446 1645 2532 Pompeio.

417 2552 492 2635 Cap.
509 2551 654 2615 XXVIII.

489 2659 560 2704 vas.
578 2659 607 2703 aa
647 2638 793 2703 Coloniae
816 2637 971 2702 militares
994 2639 1027 2701 in
1051 2637 1220 2722 prouinciis
1244 2634 1406 2701 deductae.

521 2763 623 2808 as-aa
647 2744 793 2807 Coloniae
817 2743 973 2807 militares
996 2744 1030 2806 in
1054 2744 1147 2807 Italia
1169 2743 1333 2808 deductae.

416 2849 491 2933 Cap.
509 2847 623 2912 XXIX.

486 2955 621 3000 vac-ea
644 2933 744 3018 Signa
766 2941 892 3020 recepta
914 2956 985 2998 curn
1009 2935 1048 2998 ab
1073 2934 1145 2997 aliis
1169 2940 1236 2999 tum
1260 2957 1280 2998 a
1302 2934 1435 2999 Parthis.

415 3042 490 3126 Cap.
507 3040 606 3104 XXX.

485 3168 503 3204 v
518 3163 621 3208 44-49
644 3143 690 3206 De
714 3143 809 3206 rebus
833 3141 1069 3205 Pannoniorum
1091 3147 1122 3206 et
1146 3141 1311 3205 Dacorum.

415 3251 490 3334 Cap.
506 3247 620 3311 XXXI.

486 3370 621 3416 vso—53
645 3350 828 3433 Legationes
853 3348 891 3411 ad
917 3349 1137 3433 imperatorem
1162 3349 1289 3415 missae.

415 3461 490 3541 (Tap.
507 3455 636 3520 XXXII.

485 3567 501 3605 v
520 3563 549 3609 54
562 3585 602 3594 -
615 3567 645 3604 vr
664 3564 677 3606 a
701 3545 837 3621 Quinam
859 3561 948 3624 reges
972 3541 1011 3606 ad
1035 3547 1215 3626 Augustum
1239 3542 1444 3625 confugerint.

471 3673 502 3711 vr
518 3668 592 3712 4-s
614 3647 800 3712 Parthorum
823 3645 960 3712 obsides.

518 3771 591 3818 o-a
614 3751 798 3834 Legationes
827 3750 917 3816 aliae.

414 3860 489 3943 Cap.
505 3855 651 3920 XXXIII.

473 3984 502 4023 vr
520 3979 608 4024 e-ra
629 3959 730 4041 Reges
755 3957 820 4022 dati
843 3957 970 4022 Parthis
995 3965 1027 4022 et
1048 3956 1159 4022 Medis.

413 4069 487 4150 Cap.
506 4062 648 4128 XXXIV.

472 4191 502 4231 vr
520 4184 622 4231 13-15
645 4166 706 4228 Res
729 4165 858 4249 publica
880 4165 1036 4229 restituta.

518 4289 619 4335 16-21
642 4269 811 4353 Propterea
834 4268 960 4332 decreta
983 4289 1098 4334 nomen
1122 4270 1269 4352 Augusti,
1300 4277 1406 4354 postes
1435 4270 1580 4348 laureati,
1606 4289 1715 4334 corona

668 4371 775 4450 civica,
800 4374 931 4458 clupeus
955 4394 1079 4438 aureus.

517 4496 623 4542 ar-aa
642 4476 803 4560 Dignitate
826 4477 964 4562 primus,
983 4484 1145 4562 potestate
1167 4478 1329 4563 praeditus
1353 4478 1442 4542 nulla
1466 4479 1527 4543 nisi
1552 4474 1712 4544 ordinaria.

412 4589 486 4672 Cap.
503 4583 630 4648 XXXV.

471 4714 499 4753 vr
516 4707 618 4754 at—ar
641 4687 734 4751 Pater
756 4684 876 4769 patriae
900 4685 1089 4770 appellatus.

527 4810 606 4856 auae
642 4793 708 4867 Quo
731 4797 871 4874 tempore
895 4790 972 4854 haec
996 4791 1113 4875 scripta
1135 4790 1208 4857 siut.
