3734 5517
373 359 435 421 114
863 359 892 410 Ρ.
911 357 1065 412 SVLPIOII
1085 356 1234 421 QVIRINII

370 553 426 616 per
441 533 500 598 hoc
516 532 702 598 decennium
719 553 791 598 oum
807 531 885 596 alias
900 531 1080 617 provincias
1095 537 1165 596 tum
1176 529 1303 614 Syriam
1316 551 1350 594 re
1364 530 1437 614 ipsa
1451 529 1710 597 administrabant

370 635 452 701 Nam
475 637 632 721 siqnidem
655 636 795 720 Agrippa
823 635 946 718 legatus
975 635 1037 700 luit
1058 634 1211 717 Augusti,
1242 634 1311 719 ipse
1333 634 1453 716 legatos
1482 634 1589 700 nullos
1612 635 1713 700 habere

371 739 482 824 potuit,
507 740 562 804 sed
585 740 818 824 provinciarum
840 744 976 805 rectores
991 739 1126 823 putendi
1141 745 1216 803 sunt
1238 745 1272 802 et
1284 737 1350 822 ipsi
1364 737 1461 820 legati
1475 738 1577 802 fuisse
1592 740 1713 822 Augusti

372 843 516 925 quamvis
537 844 615 908 iuris
636 843 777 913 minoris.
815 841 973 906 Similiter
991 862 1053 924 quo
1068 847 1208 925 tempore
1224 840 1429 906 Germanicus
1445 840 1604 906 universis
1620 841 1712 906 Orien·

360 945 412 1009 ‘tis
427 947 606 1031 provinciis
617 946 754 1031 praefuit
769 966 841 1010 cum
855 943 989 1028 imperio
1004 943 1133 1020 maiore,
1156 944 1278 1026 legatus
1293 943 1430 1027 Augusti
1447 963 1519 1007 cum
1534 944 1654 1009 minore
1667 943 1712 1029 Sy·

372 1049 452 1112 riam
467 1050 687 1114 administrare
703 1049 853 1133 pergebat
869 1048 959 1132 (Tac.
975 1066 1049 1111 ann.
1066 1048 1097 1124 3,
1114 1047 1186 1127 43);
1210 1067 1313 1130 neque
1329 1047 1421 1112 aliter
1435 1047 1470 1111 in
1484 1047 1556 1132 ipsa
1570 1049 1713 1113 ordinaria

245 1167 253 1182 '
373 1153 644 1219 administratione
666 1159 733 1218 tam
755 1151 898 1234 singulae
919 1151 1059 1234 legiones
1076 1151 1223 1234 Syriacae
1238 1151 1515 1216 committebantur
1535 1152 1713 1234 1131111111-

373 1257 457 1339 gusti
472 1278 567 1340 quam
583 1257 654 1341 ipsa
670 1255 771 1340 Syria,
796 1254 852 1350 sed
868 1255 923 1332 ita,
948 1248 1093 1319 1111111111
1108 1255 1211 1318 maius
1227 1254 1397 1338 imperium
1413 1261 1505 1319 esset.
1541 1256 1658 1321 Contra
1670 1256 1714 1318 ubi

265 1383 268 1390 ⁴
372 1361 545 1445 Agrippam
561 1360 670 1424 eodem
685 1359 753 1423 iure
770 1379 863 1423 usum
879 1359 1059 1434 statuimus,
1084 1377 1146 1439 quo
1166 1358 1314 1424 utebatur
1328 1358 1503 1440 Augustus,
1527 1366 1651 1444 poterat
1662 1367 1716 1425 tam

373 1465 440 1548 ipse
456 1463 676 1528 administrare
699 1483 794 1546 quarn
811 1462 989 1546 provincias
1006 1461 1070 1525 sibi
1091 1460 1276 1526 commissas
1292 1482 1347 1545 per
1369 1460 1489 1543 legatos
1506 1461 1659 1540 obtinere,
1678 1461 1716 1525 id·

373 1588 434 1650 que
457 1587 529 1631 cnm
545 1566 691 1651 Zumptio
709 1571 754 1650 (p.
766 1567 825 1649 82)
841 1585 954 1630 verum
967 1571 1054 1648 puto,
1077 1584 1141 1628 non
1163 1570 1330 1648 propterea
1353 1563 1437 1646 quod
1459 1565 1545 1649 apud
1560 1567 1717 1651 Iosephum

372 1671 514 1756 Agrippa
536 1671 659 1735 vicibus
678 1669 815 1752 Augusti
830 1669 919 1750 fungi
942 1667 1057 1732 dicitur
1082 1668 1156 1752 (hoc
1179 1667 1264 1730 enim
1285 1674 1353 1732 tam
1375 1689 1447 1732 cum
1469 1668 1529 1732 hac
1546 1689 1715 1751 quamcum

336 1795 344 1809 s
372 1775 430 1838 illa
450 1774 647 1838 ordinatione
662 1771 822 1837 conciliari
837 1771 966 1856 potest),
991 1771 1046 1836 sed
1062 1776 1188 1854 propter
1203 1779 1389 1853 argumenta
1403 1770 1467 1834 alia
1481 1772 1553 1836 tria.
1589 1773 1715 1838 Primum

373 1877 432 1941 Dio
457 1877 536 1960 (53,
555 1877 620 1959 32)
644 1875 755 1940 scribit
777 1874 951 1958 Agrippam
980 1873 1014 1936 in
1038 1873 1164 1957 Syriam
1191 1893 1254 1938 non
1281 1873 1388 1958 ipsum
1409 1873 1500 1952 iisse,
1532 1875 1590 1939 sed
1611 1876 1715 1958 legatos

373 1979 645 2065 (ὑποστρατήγους)
669 1997 704 2041 eo
728 1977 864 2052 misisse,
890 1976 975 2060 quod
991 1977 1019 2039 si
1034 1977 1158 2061 proprie
1174 1984 1206 2040 et
1220 1997 1293 2040 vere
1308 1976 1440 2053 rettulit,
1465 1979 1610 2060 quaestio
1627 1979 1717 2042 decisa

373 2091 431 2148 est.
469 2083 590 2148 Deinde
613 2081 704 2150 licuit
725 2081 884 2166 Agrippae
907 2080 947 2144 de
970 2081 1065 2145 rebus
1089 2101 1164 2144 ase
1188 2081 1284 2162 gestis
1308 2079 1348 2144 ad
1370 2087 1517 2145 senatum
1538 2083 1655 2146 referre
1675 2081 1716 2145 de

286 2243 288 2247 .
373 2188 533 2270 crevitque
561 2187 591 2250 ei
620 2191 749 2250 senatus
777 2186 886 2249 1740
913 2184 1112 2269 triumphum
1135 2183 1216 2267 (Dio
1233 2185 1285 2260 54,
1303 2184 1382 2267 24);
1411 2184 1490 2248 item
1511 2185 1582 2250 eius
1604 2187 1717 2252 nornine

373 2291 587 2377 supplicatum
610 2297 667 2354 est.
702 2291 788 2366 Quae
811 2287 917 2352 omnia
940 2287 1001 2352 etsi
1024 2289 1064 2352 ab
1087 2287 1184 2370 legati
1207 2287 1399 2365 condicione,
1425 2289 1530 2371 qualis
1553 2290 1615 2354 hac
1631 2297 1716 2356 aetate

373 2397 442 2472 fuit,
467 2416 531 2458 non
557 2385 651 2478 plane
681 2393 850 2457 abhorrent
873 2392 919 2474 (v.
943 2391 984 2455 ad
1005 2393 1036 2468 5,
1055 2394 1129 2471 44),
1158 2397 1266 2456 tamen
1294 2392 1509 2476 probabiliora
1536 2401 1646 2474 erunt,
1673 2394 1717 2457 ubi

374 2519 535 2562 sumemus
550 2497 725 2582 Agrippam
747 2516 813 2560 rem
841 2494 976 2576 gessisse
1000 2494 1151 2578 auspiciis
1173 2495 1319 2579 propriis.
1356 2495 1502 2579 Denique
1525 2517 1716 2564 1111111111-

374 2601 489 2666 larium
513 2601 568 2683 qui
589 2599 698 2684 Syriae
720 2601 896 2684 imperante
919 2601 1062 2682 Augusto
1085 2601 1291 2684 praefuerunt
1313 2606 1465 2678 auctores,
1488 2603 1630 2668 maxime
1650 2605 1717 2668 lose

373 2707 466 2789 phas,
490 2725 552 2769 non
575 2725 644 2768 raro
667 2704 878 2781 meminerint,
903 2704 1004 2768 altum
1027 2710 1076 2767 est
1099 2724 1155 2788 per
1176 2704 1236 2768 hoo
1259 2703 1448 2768 decennium
1461 2705 1622 2788 integrum
1637 2707 1673 2771 de
1686 2706 1718 2769 iis

374 2809 550 2885 silentium,
580 2809 673 2873 facile
695 2815 802 2873 temen
826 2807 1065 2891 explicandum,
1089 2807 1146 2872 ubi
1169 2827 1268 2892 ponas
1291 2815 1346 2871 aut
1367 2809 1473 2892 ipsum
1496 2810 1670 2896 Agrippam
1688 2830 1717 2873 eo

373 2919 512 2996 tempore
535 2911 660 2996 Syriam
682 2911 921 2975 administrasse
945 2917 1000 2974 aut
1021 2911 1141 2992 legatos
1165 2909 1233 2974 cius
1255 2910 1409 2993 dignitate
1431 2911 1597 2978 inferiores
1620 2912 1718 2997 legatis

373 3015 518 3097 Augusti.
571 3014 692 3078 Horum
721 3035 803 3078 unus
826 3013 887 3077 fuit
910 3013 1022 3097 opinor
1045 3013 1100 3095 qui
1124 3012 1227 3077 adhuc
1250 3013 1334 3079 viros
1358 3015 1464 3080 doctos
1487 3017 1572 3082 male
1594 3017 1717 3090 vexavit,

374 3119 484 3202 Syriae
506 3119 628 3200 legatus
650 3115 773 3198 (11111
795 3117 1003 3200 ἡγεμονεύων)
1022 3116 1120 3179 Varro
1143 3116 1236 3180 homo
1258 3137 1321 3182 non
1343 3118 1519 3183 consularis
1538 3128 1719 3188 memoratus

287 3247 290 3250 ·
374 3222 458 3305 apud
485 3219 654 3305 Iosephum
678 3221 967 3305 (enr.15,1,1o;
993 3219 1068 3283 bell.
1084 3219 1153 3284 lud.
1175 3224 1205 3296 1,
1225 3222 1281 3297 20,
1298 3224 1350 3301 4).
1402 3221 1467 3286 Nec
1495 3225 1618 3305 obstat,
1648 3225 1719 3310 quod

374 3325 526 3410 Iosephus
548 3325 686 3408 primum
697 3315 846 3390 Varronis
870 3343 985 3388 nomen
1008 3323 1106 3408 ponit,
1131 3324 1244 3388 deinde
1259 3331 1368 3389 narrat
1382 3326 1557 3411 Agrippam
1572 3331 1608 3394 in
1621 3331 1721 3396 Asiam

375 3428 514 3504 venisse3
538 3448 611 3490 nam
635 3435 666 3492 et
687 3449 793 3492 rerum
809 3427 951 3492 ordinem
967 3448 1061 3512 saepe
1077 3427 1182 3492 minus
1199 3435 1343 3495 accurate
1359 3431 1561 3515 persequitur
1576 3435 1719 3500 11111111

374 3532 441 3596 1111
464 3538 647 3615 persecutus
671 3530 713 3594 sit
736 3551 831 3613 quam
855 3531 1103 3614 accuratissime,
1126 3531 1208 3595 nihil
1232 3538 1318 3596 vetat
1339 3533 1479 3614 legatum
1493 3536 1655 3624 Agrippae
1674 3537 1720 3601 ali·

374 3643 491 3717 quanto
508 3641 580 3698 ante
596 3633 630 3696 in
646 3633 771 3716 Syriam
794 3634 918 3700 venisse
943 3655 1038 3717 quam
1053 3635 1196 3719 Agrippa
1211 3635 1299 3700 venit
1314 3636 1492 3720 Mytilenas.
1528 3641 1646 3706 Contra
1658 3662 1723 3706 cum

374 3739 466 3822 Syria
487 3745 554 3803 tam
577 3743 717 3802 extrema
739 3735 858 3800 liberae
880 3737 926 3801 rei
949 3738 1096 3821 publicae
1120 3745 1222 3803 aetate
1242 3760 1339 3822 quam
1354 3740 1557 3825 imperatoria
1573 3767 1634 3812 non
1650 3767 1722 3810 com·

373 3842 471 3906 missa
486 3842 528 3906 111
543 3841 606 3905 nisi
622 3840 743 3905 homini
766 3860 829 3904 non
852 3841 954 3904 solum
973 3842 1140 3919 consulari,
1164 3844 1219 3906 sed
1236 3843 1332 3907 etiam
1346 3843 1429 3909 iuter
1444 3845 1531 3930 ipsos
1550 3851 1724 3914 consulares

374 3945 535 4021 eminenti,
558 3945 655 4008 Varro
670 3944 735 4021 ille,
761 3944 817 4027 qui
840 3943 986 4026 quisquis
1010 3944 1070 4008 luit
1091 3966 1154 4010 non
1177 3946 1237 4010 fuit
1260 3948 1443 4026 consularis,
1468 3951 1622 4019 ordinarii
1635 3953 1725 4036 legati

373 4047 510 4130 Augusti
533 4047 641 4130 Syriae
664 4047 844 4132 provinciae
873 4048 977 4112 locum
999 4053 1107 4112 tenere
1130 4069 1193 4114 non
1222 4051 1339 4134 potuit,
1370 4053 1473 4136 potuit
1500 4055 1608 4124 locum
1634 4057 1725 4142 legati

373 4153 546 4237 Agrippae3
571 4151 622 4214 hic
646 4151 729 4216 enim
754 4173 947 4235 quamquam
969 4174 1031 4218 non
1054 4155 1201 4232 multum,
1224 4162 1331 4220 tamen
1353 4156 1482 4225 interior
1500 4161 1564 4228 fuit
1579 4163 1725 4246 dignitate

372 4255 560 4340 imperatore
583 4260 748 4338 potestque
771 4255 921 4320 habuisse
943 4256 1064 4338 legatos
1086 4258 1267 4341 praetorios.

440 4359 469 4422 2.
505 4358 546 4422 M.
564 4356 721 4422 Tullius
745 4359 876 4422 Cicero
900 4360 1031 4424 cratoris
1055 4361 1140 4426 filius
1163 4382 1225 4429 cos.
1247 4365 1446 4429 1111724.
1482 4368 1634 4452 Legatum
1656 4390 1726 4434 eum

372 4463 470 4526 fnisse
490 4461 627 4545 Augusti
649 4463 682 4524 in
699 4462 791 4546 Syria
812 4470 910 4528 111111
932 4465 1087 4529 habemus
1109 4466 1241 4531 titulum
1256 4465 1352 4531 Orell.
1368 4470 1478 4534 11572
1501 4480 1534 4536 et
1549 4473 1728 4558 Appianum

373 4565 402 4630 b.
420 4587 446 4630 c.
464 4569 493 4643 4,
512 4567 564 4630 51.
599 4563 738 4650 Tempus
762 4565 836 4631 inde
859 4587 921 4631 non
946 4574 1091 4652 apparet;
1116 4590 1188 4635 cum
1211 4576 1317 4634 autem
1339 4569 1454 4654 legatio
1469 4573 1592 4660 Syriae,
1613 4576 1678 4642 nisi
1700 4575 1727 4640 si

373 4670 428 4752 qui
450 4669 668 4734 coniunctione
693 4690 764 4735 cum
788 4669 878 4735 domo
903 4670 1106 4755 imperatoria
1128 4678 1161 4736 et
1180 4672 1282 4755 gratia
1302 4673 1387 4740 ultra
1400 4677 1562 4762 privatum
1578 4680 1729 4754 ualerent,

372 4771 522 4838 decennio
554 4772 602 4837 vel
632 4772 728 4836 etiam
757 4773 894 4857 amplius
923 4782 996 4857 post
1021 4775 1221 4842 consulatum
1243 4776 1312 4841 dari
1336 4780 1431 4849 solita
1459 4784 1517 4861 sit,
1547 4785 1730 4850 Ciceronem

1392 5072 1499 5321 Ι,
