3734 5517
1457 324 1517 385 145
1578 305 1581 312 '

104 507 105 558 1
187 497 264 561 etin·
277 502 365 580 parte
389 495 507 560 Graeca
530 514 594 560 ιιιι
617 517 755 560 ιιιιοιιτ-
777 496 812 560 in
839 497 901 560 fine
930 513 1042 560 versus
1064 495 1166 580 spatio
1192 494 1356 562 deliciante
1379 498 1516 582 positum

104 641 105 678 ι
185 605 228 685 p'ro
253 598 405 685 παρόντος.
457 597 714 681 Uniuscuiusque
743 599 856 684 capitis
886 597 994 663 littera
1020 597 1124 686 prima
1152 599 1280 665 eminet.
1315 637 1357 648 -
1390 599 1517 665 Praeter

185 704 273 788 capita
298 702 395 768 etiarn
423 709 581 766 commata
609 701 846 786 distinguuntur
874 703 1007 786 virgulis
1032 721 1062 779 s
1093 702 1142 767 vel
1168 720 1184 769 3
1212 703 1425 790 interpositis,
1455 725 1517 788 quo
1610 687 1615 697 ¹

104 859 105 878 ,
185 807 360 872 commodius
389 805 483 872 lectio
511 806 670 892 procedat.
702 847 742 858 -
774 807 863 884 Quod
893 807 1007 872 attinet
1034 806 1075 871 ad
1104 813 1222 891 puncta
1251 827 1289 872 ea
1317 829 1399 891 quae
1421 809 1518 873 verba

104 969 105 994 ἦ
185 917 324 996 separant,
354 929 448 995 saepe
475 911 558 976 inter
580 910 846 995 praepositionem
868 916 900 975 et
923 929 1060 994 sequens
1089 911 1325 976 substantivum
1352 911 1387 976 in
1410 912 1518 977 arche-

104 997 105 1004 *
184 1023 245 1100 typo
265 1033 328 1078 non
357 1013 538 1098 interpungi
568 1014 623 1077 vix
647 1013 780 1078 dubium
803 1014 874 1094 est3'
896 1022 980 1080 certe
1001 1014 1036 1078 in
1064 1014 1170 1078 indice
1197 1013 1372 1080 maioribus
1398 1022 1429 1080 et
1455 1017 1518 1080 evi-

184 1118 363 1184 dentioribus
392 1116 507 1181 litteris
538 1118 655 1201 scripto
684 1118 731 1181 ita
759 1117 874 1199 legitur
898 1137 955 1183 v.a
975 1122 1092 1193 inraso,
1120 1137 1179 1181 v.a
1202 1121 1368 1182 indoctas.
1420 1119 1464 1184 At
1484 1120 1519 1184 in

104 1287 105 1292 ,
184 1224 238 1307 ipso
259 1220 482 1287 commentario
504 1219 615 1284 tabula
635 1219 817 1284 Perrotiana
838 1221 873 1284 in
895 1201 1014 1285 talibus
1037 1241 1164 1304 quoque
1190 1220 1411 1307 interpungere
1440 1223 1520 1288 solet

103 1311 105 1345 ⁵
184 1334 207 1390 et
228 1327 351 1392 omnino
382 1325 529 1409 quamvis
558 1325 681 1409 optima
706 1331 815 1389 tamen
841 1344 904 1389 non
931 1325 978 1389 ita
1006 1331 1187 1409 comparata
1209 1331 1272 1402 est,
1302 1333 1339 1390 ut
1363 1327 1516 1392 eiusmodi

104 1467 105 1500 ι
184 1431 385 1513 quaestionem
407 1429 448 1493 ad
470 1450 541 1494 eam
564 1429 642 1494 satis
663 1435 733 1494 tuto
754 1449 954 1514 persequare.

104 1535 105 1620 J
274 1535 385 1619 Ipsum
406 1535 586 1616 Augustum
608 1533 643 1597 in
665 1533 811 1598 versibus
833 1534 983 1598 extremis
1006 1532 1161 1597 vocabula
1182 1553 1246 1597 non
1268 1534 1417 1598 divisisse
1434 1534 1518 1598 Sue·

103 1685 104 1724 3
182 1641 271 1704 tonius
294 1661 321 1705 o.
335 1639 375 1703 87
400 1638 556 1715 observat,
584 1636 640 1702 sed
664 1639 704 1702 ab
727 1643 869 1703 extrema
890 1644 979 1723 parte
1003 1657 1151 1702 versuum
1175 1638 1372 1702 abundantes
1395 1638 1517 1703 litteras

103 1727 104 1746 ³
182 1741 285 1806 ibidem
312 1742 455 1806 subicere
478 1746 510 1804 et
529 1741 779 1819 circumducere,
809 1762 905 1825 quam
934 1763 1003 1807 esse
1023 1742 1284 1806 consuetudinem
1304 1741 1515 1824 antiquiorem

182 1845 359 1928 intellegitur
387 1866 426 1908 ex
454 1846 522 1910 eius
550 1846 703 1931 temporis
730 1847 961 1912 instrumentis.
1011 1847 1262 1911 Commentarius
1290 1854 1397 1912 tamen
1420 1868 1515 1931 quem

182 1951 318 2028 labamus
340 1949 375 2013 in
398 1946 457 2013 hac
477 1970 511 2012 re
532 1969 626 2014 usum
641 1950 805 2032 vulgarem
828 1949 972 2033 sequitur
992 1949 1211 2032 vocabuloque
1225 1968 1319 2033 saepe
1335 1949 1458 2029 dividit,
1483 1961 1539 2016 ut¹

102 2045 103 2048 ¹
181 2059 272 2118 teman
298 2053 494 2138 syllabarum
518 2053 707 2119 divisionem
730 2053 787 2117 ubi
808 2073 878 2135 quo
907 2053 975 2118 loco
1003 2053 1072 2116 fieri
1101 2053 1217 2117 debeat
1244 2052 1383 2117 dubitari
1413 2062 1519 2139 potest

103 2179 105 2188 ’
182 2158 313 2222 videatur
339 2159 470 2235 avitare;
502 2164 585 2225 carce
614 2178 652 2220 ex
680 2157 738 2221 hoc
764 2177 876 2240 genere
900 2175 964 2220 non
988 2157 1154 2221 observavi
1175 2155 1240 2221 nisi
1263 2157 1347 2239 quod
1371 2166 1420 2222 est
1450 2183 1472 2221 ιι
1489 2179 1517 2222 ar

104 2333 105 2336 Ἴ
183 2261 422 2347 saerosanl[otcs]
444 2267 477 2325 et
498 2284 530 2322 vr
546 2280 573 2325 41
599 2265 810 2343 consamlptiu

104 2423 105 2456 3
275 2369 433 2430 Accentus
448 2365 647 2449 reperiuntur
661 2365 812 2450 perpauci
833 2364 882 2428 hi:
906 2369 927 2427 α’
955 2383 1031 2443 v193
1059 2368 1149 2427 άναιιι
1169 2387 1193 2426 ιι
1208 2381 1251 2439 as3
1277 2367 1419 2428 Gadibus
1440 2389 1459 2425 v
1473 2384 1515 2444 113

103 2527 104 2550 ,
180 2475 478 2552 magistratruum
504 2474 563 2550 qod
584 2491 621 2532 ιιι
637 2488 667 2549 33
691 2473 771 2533 solis
793 2491 813 2530 v
829 2487 874 2548 143
903 2469 1012 2553 plures
1033 2468 1160 2552 inipso
1183 2468 1289 2554 lapide
1311 2490 1477 2554 superasse
1500 2493 1519 2534 a

103 2562 104 2592 ³
181 2574 413 2660 descriptoribus
436 2573 676 2657 praetermissos
698 2594 762 2638 non
785 2573 853 2637 sine
875 2593 972 2638 causa
987 2573 1195 2659 suspicamur.
1234 2576 1254 2637 l
1266 2575 1409 2638 eminens
1425 2596 1518 2661 saepe

102 2667 103 2730 ἒ
183 2679 331 2744 invenitur
353 2697 456 2760 neque
479 2677 543 2740 fere
567 2675 629 2741 uisi
651 2677 709 2741 ubi
731 2675 849 2741 vocalis
872 2677 967 2760 longa
990 2684 1048 2744 est.

102 2763 103 2800 ³
275 2763 442 2847 Vocalium
464 2779 724 2863 geminandorum
747 2781 799 2844 vel
821 2799 884 2846 non
907 2780 1168 2863 geminandorum
1190 2800 1253 2844 non
1274 2801 1341 2846 una
1357 2783 1438 2846 ratio
1458 2791 1515 2848 est.

102 2966 103 2974 ἵ
179 2887 247 2952 llam
269 2909 311 2952 cu
334 2892 366 2951 et
381 2907 415 2950 ee
430 2885 571 2949 vitantur
586 2885 797 2969 scribiturque
814 2885 961 2962 Porcus,
982 2894 1148 2966 preerant.
1183 2885 1299 2951 Contra
1312 2907 1353 2950 uo
1368 2895 1517 2972 perpetuo

179 2990 344 3056 admittitur
373 2994 437 3053 tam
461 2989 496 3051 in
519 2988 682 3052 vocabulis
713 2989 822 3073 qualia
838 2995 919 3054 'sunt
941 2993 1061 3065 meare,
1085 2991 1218 3064 iuuenis,
1241 2993 1397 3067 imeae,
1420 2994 1519 3074 dous,

178 3099 256 3160 dces
280 3113 376 3179 quam
398 3093 431 3156 in
455 3113 593 3168 conaus,
623 3113 817 3176 quamquam
840 3094 1055 3177 exceptionem
1085 3092 1162 3155 facit
1183 3097 1353 3156 oceasum
1375 3095 1519 3176 genetivo

101 3193 125 3281 j
180 3199 283 3280 plurali
313 3223 332 3259 v
348 3217 379 3262 ao
402 3197 461 3276 (ci.
487 3196 659 3260 Schneider
682 3199 737 3260 lut.
765 3201 899 3262 Gromm.
926 3200 954 3274 l,
972 3197 1068 3280 334).
1098 3233 1139 3242 —
1169 3195 1313 3279 Denique
1343 3196 1383 3260 ad
1407 3203 1420 3262 i
1440 3208 1474 3263 et
1495 3205 1519 3263 r'i

180 3303 252 3382 quod
273 3303 394 3378 attinet,
418 3301 452 3364 in
472 3320 541 3382 gen.
559 3299 638 3383 sing.
663 3301 774 3365 decl2
797 3321 921 3386 semper
942 3300 1100 3385 reperitur
1122 3303 1133 3362 i
1157 3299 1332 3383 (conpian',
1356 3307 1517 3381 coronari,

101 3445 102 3448 ι
178 3405 303 3483 Feretri,
328 3409 407 3481 Iuli,
433 3407 572 3486 Pompei,
594 3407 715 3489 proeli)
722 3427 736 3480 ,·
759 3411 867 3470 contra
889 3407 922 3468 in
945 3405 1009 3469 dat.
1030 3405 1074 3492 pl.
1099 3404 1218 3470 decli
1243 3425 1435 3489 quamquam
1458 3408 1517 3471 ire-

102 3535 104 3590 ᾗ
177 3511 312 3590 quentior
335 3516 383 3574 est
405 3509 568 3594 isimplex
593 3509 763 3592 (auspicis,
788 3513 964 3586 collaticia,
989 3513 1129 3590 colonis,
1152 3511 1220 3585 dis,
1248 3513 1429 3590 provincia,
1459 3517 1516 3576 st’a

102 3600 104 3692 ἰ
176 3615 317 3700 paura),
347 3620 453 3679 tamen
477 3613 555 3678 auu
579 3620 627 3678 ast
648 3614 673 3678 u
696 3615 881 3698 (conservo,
911 3617 970 3695 oe,
998 3617 1146 3694 scaea,
1173 3614 1345 3697 maa)
1368 3613 1516 3698 reamque

178 3714 246 3780 adeo
260 3717 450 3782 vocabulum
471 3716 564 3782 modo
587 3738 643 3801 par
665 3721 678 3780 ι’
700 3717 793 3782 modo
815 3737 871 3802 per
893 3717 1097 3793 ascribitur,
1120 3723 1159 3781 ut
1179 3720 1345 3797 moiupis
1368 3729 1400 3780 et
1422 3724 1526 3784 maai-

104 3888 105 3896 ,
177 3822 274 3900 cipiis.
307 3821 508 3886 Nominativo
532 3822 649 3905 plurali
673 3822 828 3887 secundm
852 3823 1001 3889 scribitur
1014 3824 1096 3895 ulia·
1119 3826 1228 3884 contra
1242 3823 1312 3884 adit
1327 3819 1518 3899 invenimus,

105 3959 106 3987 3
178 3943 234 3986 non
256 3929 347 3990 odiit.

280 4029 405 4094 Vooalis
430 4047 544 4113 anceps
567 4028 650 4092 inter
672 4031 685 4090 a·
708 4037 740 4092 et
761 4050 781 4092 a
804 4028 1059 4094 constantissime
1080 4029 1206 4091 effertur
1220 4049 1276 4112 per
1291 4033 1324 4103 a',·
1348 4029 1395 4093 ita
1408 4028 1521 4112 legitur

179 4133 330 4212 lapidimus
352 4136 501 4215 finitimas
525 4137 675 4214 septimas
697 4135 834 4198 ἀεοίηιιιε
850 4137 1037 4198 ciceasinws
1051 4135 1326 4214 frequentissimus
1341 4136 1521 4214 reciperare

176 4239 327 4302 moadiae
347 4238 547 4320 parricidam
571 4255 705 4320 quocum
728 4237 837 4302 licebit
860 4255 1044 4322 componere
1066 4235 1151 4319 qnod
1171 4242 1252 4299 teste
1268 4234 1417 4300 Suetonio
1439 4257 1466 4301 c.
1479 4240 1519 4302 87

176 4339 334 4422 Augustus
357 4362 422 4406 non
443 4361 549 4405 samus
573 4340 709 4425 scripsit,
734 4342 789 4406 sad
812 4345 919 4405 simos.
966 4340 1131 4404 Retinctur
1152 4345 1259 4419 tamen
1283 4342 1421 4421 clupeus.

281 4445 404 4510 Mediae
428 4448 484 4510 bd
504 4445 539 4510 in
562 4444 724 4509 vocabulis
748 4446 895 4510 extremis
919 4445 1139 4529 praeferuntur
1160 4443 1312 4508 tenuibus
1331 4465 1355 4525 p
1377 4456 1389 4507 e
1412 4445 1521 4510 scribi-

174 4551 285 4629 turque
308 4556 487 4616 constanter
510 4553 624 4614 absens
649 4551 688 4613 ob
711 4551 768 4614 aab
793 4587 833 4596 —-
857 4553 901 4614 ad
922 4554 1024 4632 adque
1048 4551 1134 4631 apud
1155 4551 1213 4612 sed
1234 4551 1374 4628 aliquod.

282 4654 448 4739 Aspiratae
477 4655 593 4719 adsunt
622 4655 717 4718 etiam
751 4663 874 4741 praeter
909 4654 1168 4721 consuetudinem
1198 4652 1400 4717 vetustiorem
1429 4654 1520 4719 ratio-

105 4724 112 4810 i
177 4773 321 4838 namque,
345 4758 437 4822 utin
461 4761 644 4840 triumphus.

1273 4882 1303 4924 ro
