3734 5517
749 380 781 445 V,
795 383 828 435 ⁶24
840 409 872 420 —
883 383 915 436 31
1469 383 1510 445 79

152 543 286 619 Medum
315 555 400 620 buno
426 554 549 637 origine
575 553 684 618 dicunt
712 559 835 640 praetor
859 554 969 640 ipsum
992 556 1169 638 Augustum
1193 555 1322 620 Tacitus
1348 575 1421 622 ann.
1441 559 1511 632 54

153 665 188 722 et
217 657 411 735 0155510
440 659 500 743 (oi.
524 659 576 735 53,
593 659 673 742 33),
703 658 754 721 515
783 657 902 721 addens
930 679 1003 722 eum
1032 659 1072 721 ad
1100 660 1258 723 Romanos
1286 661 1411 723 venisse
1439 681 1510 723 cum

154 761 301 826 Tiridate
323 761 454 838 Partho,
486 761 613 845 quando
639 763 667 826 is
690 769 813 826 certans
836 781 908 826 oum
930 762 1067 828 Phraate
1088 764 1184 828 tratre
1207 763 1246 827 de
1266 751 1365 846 regno
1384 764 1511 828 Parthu-

151 887 227 930 rum
249 865 323 929 exul
341 885 368 929 a.
378 867 439 929 731
465 866 597 930 Romam
619 867 776 950 profectus
799 873 857 932 cet.
895 866 962 929 lloo
984 887 1023 930 ex
1045 870 1269 933 commentario
1285 868 1421 951 Augusti
1445 867 1511 930 solo

151 970 319 1046 discimus,
343 968 445 1034 lilium
467 989 540 1034 eum
562 970 661 1036 fuisse
684 971 766 1053 regis
789 970 954 1035 Medorum
975 972 1171 1049 Artavasdis,
1196 969 1235 1037 de
1258 992 1320 1055 quo
1335 971 1512 1036 Artavasde

153 1074 232 1138 data
254 1092 353 1158 opera
371 1072 512 1138 dicemus
536 1071 575 1137 ad
600 1075 629 1150 6,
643 1075 673 1138 9.
720 1073 882 1138 Medorum
906 1081 1013 1140 autem
1036 1075 1122 1157 regia
1144 1077 1239 1160 stirps
1266 1062 1337 1140 oum
1361 1074 1513 1139 Armenia

153 1177 311 1242 affinitate
334 1176 499 1241 coniuncta
522 1195 593 1240 cum
616 1182 701 1240 esset
723 1175 842 1259 (Strab.
872 1178 1026 1253 11,13,1
1051 1199 1083 1263 p.
1100 1180 1190 1262 523),
1213 1179 1291 1242 baec
1317 1179 1386 1242 sine
1414 1178 1512 1241 dubio

153 1301 252 1344 causa
274 1280 337 1344 fuit
358 1298 413 1343 our
435 1279 519 1343 hunc
541 1280 678 1344 maxime
693 1281 856 1360 Augustus
872 1279 1023 1362 deligeret
1037 1282 1092 1364 (of.
1110 1281 1279 1346 Suetonius
1295 1303 1321 1346 o.
1337 1284 1396 1346 48:
1419 1296 1512 1362 repes

153 1389 265 1449 socias
292 1388 390 1448 etiam
418 1385 503 1448 inter
531 1387 622 1465 ipsos
649 1385 938 1448 necessitudinibus
961 1389 1076 1448 mortuis
1103 1389 1223 1462 iunxit,
1255 1388 1511 1467 proaaptirairaas

150 1491 327 1570 affinitatis
351 1491 500 1568 caiusque
522 1495 615 1568 atque
637 1489 798 1550 amicitiae
821 1489 1013 1551 assaliatur
1033 1498 1065 1550 et
1086 1489 1232 1571 fautor)..
1276 1487 1510 1552 Ariobarzanen

150 1593 336 1658 volentibus
358 1591 518 1656 Armeniis
546 1591 739 1674 praefectum
768 1609 838 1654 esse
861 1590 991 1655 Tacitus
1019 1586 1144 1670 scribit}
1173 1599 1281 1656 contra
1306 1591 1366 1656 Dio
1393 1599 1509 1669 narrat,

154 1719 230 1762 oum
259 1714 333 1760 eum
362 1693 459 1758 Gaius
488 1693 648 1757 Armeniis
674 1713 780 1775 regom
809 1693 1028 1778 imposuisset,
1058 1695 1282 1760 bellum-inde
1309 1702 1413 1762 ortum
1440 1715 1511 1759 5555

150 1823 180 1865 a.
195 1803 273 1880 755,
298 1799 334 1862 in
356 1817 419 1882 quo
441 1798 588 1880 Artagira
610 1797 759 1862 obsidens
783 1798 880 1862 Gaius
904 1798 1089 1862 vulneratus
1111 1799 1220 1883 paullo
1241 1806 1314 1884 post
1335 1801 1393 1884 (21
1417 1801 1508 1864 Febr.

152 1906 241 1988 757)
268 1927 310 1970 ex
339 1923 376 1968 5ο
397 1901 528 1967 uulnere
551 1901 631 1967 obiit
641 1899 684 1986 ⁸).
706 1939 745 1948 -
771 1899 892 1965 Deinde
915 1901 1045 1969 Tacitus
1068 1921 1140 1965 ann.
1166 1904 1245 1978 24:
1280 1905 1509 1980 Ariobarzane,

150 2011 269 2094 inquit,
294 2018 393 2072 morte
413 2009 550 2089 fortuita
565 2007 730 2088 absumpto
745 2009 877 2086 stirpem
892 2005 960 2068 5155
976 2006 1062 2068 barad
1076 2009 1250 2070 toleravere
1265 2013 1297 2070 ot
1311 2007 1370 2071 Dio
1386 2009 1439 2085 55,
1454 2012 1509 2072 10:

151 2118 205 2200 τὴν
234 2097 388 2200 Ἀρμενίαν
417 2110 485 2175 τότε
515 2111 568 2194 μὲν
598 2111 614 2172 ὁ
641 2107 886 2197 Ἀριοβαρζάνης,
923 2108 1125 2178 ἀποθανόντος
1153 2109 1186 2172 δὲ
1217 2109 1309 2173 αὑτοῦ
1337 2110 1373 2172 οὐ
1407 2115 1510 2198 πολλῷ

153 2221 277 2304 ὕστερον
306 2214 490 2302 Ἀρταβάζης
520 2213 536 2276 ὃ
569 2214 631 2282 υἱὸς
659 2213 741 2297 παρά
769 2235 802 2276 τε
833 2216 885 2276 τοῦ
917 2210 1092 2294 Αὐγούστου
1123 2212 1174 2275 καὶ
1205 2212 1284 2297 παρὰ
1314 2217 1367 2296 τῆς
1398 2217 1511 2302 βουλῆς

151 2323 272 2414 ἔλαβεν.
325 2319 529 2383 interiectum
551 2335 620 2381 esse
643 2316 841 2381 Artavasden
865 2315 1088 2381 Ariobarzanis
1109 2316 1211 2380 filium
1235 2318 1443 2400 comperimus
1470 2331 1509 2382 ex

221 2590 253 2654 *)
272 2588 333 2642 Huc
353 2589 472 2654 spectare
490 2584 615 2636 fastorum
634 2582 911 2650 Ripatransonensium
930 2581 1069 2634 frustulum
1087 2580 1226 2635 Henzenus
1245 2581 1387 2646 intellexit
1406 2585 1509 2655 supple-

153 2680 241 2729 menta
259 2680 348 2727 tamen
367 2673 399 2724 ab
418 2686 449 2723 eo
466 2670 601 2738 proposita
619 2668 660 2731 (G.
674 2667 695 2724 Ι.
706 2667 736 2720 L.
756 2684 780 2734 p.
794 2665 859 2730 472)
878 2667 955 2719 nimis
973 2668 1098 2720 recedunt
1116 2668 1148 2720 ab
1167 2667 1257 2718 horum
1275 2667 1399 2722 fastorum
1417 2671 1510 2736 spatiis

153 2767 330 2828 universaque
349 2773 437 2812 eorum
457 2757 632 2819 ordinatione,
656 2755 758 2822 qualem
776 2751 899 2824 patefacit
917 2753 1028 2806 frustum
1048 2753 1156 2805 alterurn
1176 2754 1270 2822 (supra
1287 2747 1389 2822 ρ.’39);
1408 2755 1510 2808 scilicet

150 2851 319 2919 ponebantur
336 2847 374 2898 ibi
391 2845 502 2913 primum
522 2842 644 2896 consules
662 2841 724 2892 anui
741 2840 830 2903 totius,
849 2839 943 2892 delude
955 2853 998 2892 res
1009 2839 1068 2892 eius
1080 2839 1142 2891 anni
1151 2841 1343 2905 memorabiles,
1361 2843 1438 2894 tertio
1450 2843 1510 2894 loco

147 2926 322 3005 magistratus
339 2934 397 2985 eius
416 2931 478 2983 anni
494 2927 675 2996 municipales.
702 2925 867 2981 Crediderim
886 2927 1008 2994 equidem
1025 2926 1138 2981 nusum
1155 2927 1205 2980 boa
1224 2925 1356 2994 pertinere
1373 2929 1405 2980 ad
1425 2929 1510 2981 solum

150 3039 248 3086 aunum
267 3022 321 3075 757
340 3025 368 3073 et
386 3019 424 3072 sio
443 3018 496 3070 lere
514 3016 703 3072 restituendum
722 3029 793 3068 esse:
1001 3070 1006 3082 ι
1134 3070 1138 3080 ⁸
1185 3077 1191 3084 .

373 3126 420 3161 ras.
567 3122 617 3154 sex.
652 3103 733 3178 aelius
769 3112 838 3151 eatae
971 3119 991 3148 c.
1027 3101 1118 3151 sentias
1153 3102 1292 3152 saturniano

327 3181 352 3190 Η
567 3199 616 3264 aas.
653 3197 676 3246 k.
715 3197 757 3250 tul,
925 3215 945 3243 a.
1030 3196 1123 3246 5155555
1205 3196 1291 3244 licinus

929 3282 965 3338 55.
1014 3291 1105 3339 sentias
1151 3290 1292 3339 salaminae

377 3401 436 3434 r1111
461 3387 485 3436 le.
513 3395 583 3435 murt.
616 3404 636 3434 c.
667 3402 753 3434 caesar
783 3381 856 3434 AVG
887 3406 895 3422 ·
927 3381 949 3434 F
977 3407 986 3422 ·
1014 3379 1141 3434 DEGessit
1171 3382 1196 3433 t'a
1228 3382 1291 3448 lycia

461 3497 547 3530 annam
582 3497 657 3545 opens
694 3473 763 3530 11111
791 3501 799 3518 ·
833 3473 952 3529 ROMAE
983 3500 992 3515 ·
1027 3473 1196 3528 lvs'l'l'rtam
1227 3477 1293 3527 india

461 3586 509 3626 tum
528 3583 563 3625 est
580 3571 696 3626 1)οΝΕο
715 3595 724 3612 ·
742 3569 829 3624 OSSA
848 3594 856 3612 ·
872 3567 1027 3624 EIV501N
1040 3593 1050 3610 ·
1062 3567 1248 3623 mausolaeum
1267 3573 1291 3622 ia

454 3670 581 3734 ‚fomentat
597 3667 643 3720 V·
661 3667 721 3720 nrt)
740 3689 750 3708 ν
767 3665 855 3720 SEPT
875 3687 884 3706 ·
903 3663 1045 3718 BELLVM
1064 3688 1073 3705 ·
1092 3664 1165 3718 01111
1184 3667 1291 3716 beatitas

457 3781 483 3828 p.
505 3783 526 3814 r.
554 3779 640 3829 perora
661 3761 697 3814 IN
722 3783 731 3802 ·
755 3759 912 3813 sumnum
935 3781 944 3801 ·
964 3758 1152 3814 praevasa
1178 3770 1215 3810 eat
1236 3760 1291 3809 duaa
1400 3789 1403 3794 -

460 3857 553 3910 clades
626 3853 816 3910 chAOIRAlt
887 3878 908 3914 ⁸,
964 3852 1107 3909 Abbiana
1177 3854 1290 3918 oppidum

360 3971 376 4004 r
416 3954 440 4004 lt.
470 3953 515 4004 tat.
544 3954 600 4017 555.
631 3969 718 4002 cumen
747 3949 783 4002 ΤΙ
819 3972 828 3990 ·
857 3950 881 4014 s
912 3971 921 3988 ·
957 3947 1061 4000 Draaam
1100 3967 1125 3998 a.
1164 3948 1290 4012 adoptarit

149 4055 275 4106 Extremo
294 4065 386 4112 uersu,
405 4048 451 4103 ubi
469 4046 551 4100 TlllD
570 4046 687 4110 traditu,
706 4049 818 4112 possunt
837 4044 916 4096 etiam
934 4044 1039 4095 mirum
1059 4042 1164 4095 nomina
1181 4039 1276 4103 [uisam
1295 4044 1323 4093 at
1340 4040 1444 4108 adoptio
1464 4038 1507 4091 Ti-

150 4143 213 4194 borii
235 4139 285 4192 filii
297 4137 426 4203 Drusique
445 4135 547 4202 nepotis
567 4134 611 4187 rix
628 4134 656 4184 in
674 4133 720 4185 tali
738 4131 863 4184 laterculo
881 4132 967 4198 potuit
984 4130 1127 4197 praeteriri.
1164 4127 1194 4180 ln
1213 4129 1360 4179 universum
1374 4127 1507 4178 conferen-

150 4227 208 4280 dum
225 4229 268 4280 est
280 4223 414 4276 decretum
425 4199 578 4274 Pisanoruni
592 4219 685 4294 (Orell.
699 4219 773 4281 643),
790 4209 880 4285 inquo
894 4218 932 4269 sio
946 4221 997 4267 est:
1020 4215 1046 4267 0.
1060 4217 1187 4268 Caesarem
1199 4215 1309 4282 Aspustr'
1321 4241 1353 4249 —
1359 4214 1444 4278 filiam
1457 4208 1509 4264 deiri

147 4325 257 4379 nepotem
274 4319 331 4378 post
349 4304 504 4371 consulatum,
523 4325 590 4372 quem
608 4307 675 4356 altro
686 4307 750 4370 finis
769 4315 886 4355 5555555
900 4303 989 4370 populi
1000 4301 1107 4353 Romani
1125 4301 1210 4352 bellam
1228 4318 1314 4368 pereas
1325 4301 1437 4366 feliciter
1453 4317 1508 4364 per-

149 4412 246 4467 eperct‚
264 4404 323 4451 5555
340 4409 410 4464 pecta
422 4415 449 4448 re
464 4397 570 4462 publica,
591 4395 704 4446 careret
715 4403 759 4444 aut
775 4393 884 4456 infidam
900 4392 1004 4456 receptis
1022 4391 1215 4441 bellicosissimisr
1225 4407 1255 4438 ac
1267 4388 1378 4438 maana
1388 4388 1508 4452 pentibus,

149 4489 228 4553 ipram
241 4487 381 4538 5515551555
389 4501 435 4550 pra
446 4503 473 4535 re
481 4483 584 4549 pallito
594 4482 700 4546 arreptis
710 4482 737 4530 a'a
749 4499 777 4532 ee
789 4495 847 4530 oasa
860 4478 998 4530 matta·
1007 4479 1077 4544 [555
1087 4488 1194 4542 acptum
1200 4476 1293 4542 popula
1303 4473 1429 4534 Romam
1446 4473 1511 4524 item

150 4579 208 4640 post
227 4573 294 4625 alia:
313 4583 422 4638 oportere
441 4589 470 4621 55
488 4589 517 4620 55
536 4571 583 4632 die,
601 4587 651 4633 qua
669 4569 720 4618 eius
739 4568 836 4618 5555555
853 4568 978 4617 nuntiatas
996 4577 1065 4629 esset,
1083 4583 1158 4630 usqae
1176 4566 1212 4616 ud
1227 4582 1280 4616 eum
1297 4564 1368 4623 dian,
1386 4579 1436 4630 qao
1453 4578 1509 4611 oasa

150 4664 230 4712 relata
251 4671 325 4724 atque
343 4659 441 4709 condita
461 4658 572 4720 iustaque
591 4657 642 4706 et'as
660 4655 771 4704 matribus
785 4655 898 4719 perseam
917 4663 1003 4714 essent,
1022 4663 1119 4703 cunctos
1136 4661 1200 4701 veste
1212 4659 1304 4700 mutata
1317 4674 1350 4682 -
1364 4648 1510 4698 convictibus

150 4766 198 4796 sese
217 4748 344 4812 apstinere
362 4747 412 4796 cat.
444 4742 575 4794 iustitium
595 4741 693 4794 nullum
711 4740 839 4793 indictum
858 4744 898 4792 ost
917 4739 987 4792 Pisis
1005 4741 1150 4806 propterea,
1170 4737 1239 4804 quod
1257 4750 1288 4788 eo
1306 4739 1423 4802 tempore
1442 4733 1508 4785 forte

151 4833 184 4885 ibi
203 4833 378 4900 magistratus
397 4845 448 4881 non
468 4833 542 4881 erant
560 4843 644 4894 nequa
662 4828 799 4896 quiequam
818 4827 874 4878 iure
893 4825 1006 4878 (1155555
1025 4828 1151 4892 praeerat.
