3734 5517
394 367 454 432 138

435 546 509 629 Cap.
527 544 644 610 XXIII.

494 653 523 695 ιν
539 652 641 697 43—48
665 632 779 696 Proelii
803 632 925 696 navalis
950 633 1173 718 spectaculum.

436 737 480 799 Ca
504 785 510 800 .
528 736 641 800 XXIV.

480 757 640 905 ivre-51
666 840 760 904 Asiae
785 841 913 925 templis
937 849 1123 906 ornamenta
1145 841 1184 905 ab
1209 840 1345 905 Antonio
1368 846 1478 924 erepta
1497 840 1651 906 restituta.

539 964 642 1009 ar-ee
665 944 794 1008 Statuae
818 952 983 1027 argenteae
1007 946 1158 1010 conflatae
1181 945 1325 1028 donaque
1349 944 1423 1012 inde
1446 943 1558 1028 posita.

435 1049 508 1132 Cap.
526 1049 624 1114 XXV.

504 1158 611 1200 vr-e
634 1137 719 1202 Mare
742 1142 887 1220 pacatum
914 1135 996 1200 bello
1020 1143 1129 1200 contra
1151 1137 1224 1203 Sex.
1247 1138 1440 1222 Pompeium.

540 1257 612 1304 a—s
636 1241 769 1318 Quinam
805 1239 978 1304 iuraverint
1013 1241 1047 1305 in
1079 1242 1174 1306 verba
1203 1242 1401 1327 imperatoris
1433 1240 1514 1306 bello
1545 1240 1669 1306 Actiaco
1695 1246 1722 1301 et

688 1343 726 1407 de
750 1344 851 1426 gratia
872 1344 1052 1408 iurantibus
1076 1343 1186 1409 relata.

434 1451 508 1532 Cap.
525 1449 637 1512 XXVI.
938 1502 941 1514 .

503 1557 561 1601 ve.
578 1557 606 1601 ro
638 1537 877 1601 Provinciarum
900 1537 980 1600 fines
1003 1536 1098 1601 aucti.

539 1660 639 1704 ro-ra
662 1640 782 1704 Galliae
805 1648 837 1705 et
859 1640 1031 1728 Hispaniae
1055 1648 1193 1725 pacatae.

540 1763 641 1808 12-14
664 1744 778 1808 Gentes
801 1744 938 1830 Alpinae
962 1744 1121 1808 subactae.

540 1868 641 1913 14—18
665 1849 784 1912 Classis
807 1848 841 1912 in
864 1847 1025 1913 Oceanum
1047 1847 1215 1930 navigatio.
1253 1846 1439 1929 Legationes
1464 1847 1647 1932 populorum
1663 1847 1721 1909 Ger·

687 1973 860 2020 manorum.

538 2076 639 2121 18—24
660 2057 823 2122 Exercitus
846 2059 880 2121 in
904 2057 1105 2142 Aethiopiam
1128 2064 1159 2121 et
1182 2058 1214 2121 in
1237 2057 1388 2121 Arabiam
1413 2055 1509 2121 ducti.

315 2147 318 2158 .
432 2162 505 2246 Cap.
524 2161 653 2227 XXVII.

502 2269 564 2314 vna
609 2253 771 2335 Aegyptus
795 2250 927 2334 imperio
953 2249 1085 2313 adiecta.

536 2373 636 2418 rs-sr
660 2353 707 2416 De
730 2353 824 2416 rebus
848 2353 1079 2417 Armeniorum.

536 2477 638 2520 31—34
661 2455 843 2520 Provinciae
867 2464 1067 2541 recuperatae
1091 2457 1130 2519 ab
1154 2456 1291 2520 Antonio
1315 2461 1346 2519 et
1368 2477 1388 2518 a
1411 2456 1483 2519 Sex.
1501 2456 1656 2541 Pompeio.

431 2562 506 2645 Cap.
523 2561 668 2625 XXVIII.

503 2669 574 2714 vae.
592 2669 621 2713 aa
661 2647 807 2713 Coloniae
831 2647 985 2711 militares
1008 2648 1041 2711 in
1065 2647 1235 2732 prouinciis
1259 2644 1420 2711 deductae.

535 2773 637 2818 ae-aa
661 2753 808 2817 Coloniae
831 2753 987 2817 militares
1011 2753 1044 2816 in
1068 2753 1161 2816 ltalia
1184 2752 1347 2818 deductae.

430 2859 505 2943 Cap.
523 2857 637 2922 XXIX.

499 2965 635 3010 veo-ea
658 2943 757 3028 Signa
780 2952 906 3030 recepta
928 2965 999 3009 cum
1022 2945 1062 3009 ab
1087 2945 1159 3008 aliis
1184 2951 1251 3009 tum
1275 2967 1294 3009 a
1317 2944 1449 3009 Parthis.

429 3053 505 3136 Gap.
521 3050 620 3114 XXX.

499 3179 517 3215 v
532 3173 636 3218 44—49
659 3153 705 3216 De
729 3153 823 3216 rebus
847 3151 1083 3217 Pannoniorum
1105 3157 1136 3215 et
1160 3151 1325 3215 Dacorum.

429 3261 504 3344 Cap.
520 3258 634 3322 XXXI.

500 3381 635 3427 veo-53
659 3360 842 3444 Legationes
866 3359 905 3422 ad
931 3359 1151 3443 imperatorem
1176 3359 1303 3424 missae.

429 3471 504 3551 lffap.
521 3466 650 3530 XXXII.

499 3578 515 3615 v
534 3573 691 3619 ae—vre
715 3555 850 3631 Quinam
874 3573 962 3636 reges
986 3552 1025 3617 ad
1049 3557 1230 3636 Augustum
1253 3552 1458 3635 confugerint.

485 3683 516 3721 vr
532 3678 606 3723 4-e
629 3657 814 3722 Parthorum
838 3656 974 3723 obsides.

532 3781 606 3828 o-a
629 3761 812 3844 Legationes
841 3760 931 3826 aliae.

428 3870 503 3953 Cep.
519 3866 665 3931 XXXIII.

487 3995 516 4034 vr
534 3990 621 4035 e-m
643 3970 744 4052 Reges
769 3968 835 4032 dati
858 3967 985 4032 Parthis
1009 3973 1041 4032 et
1062 3967 1174 4033 Medis.

427 4079 501 4162 Cap.
520 4073 663 4138 XXXIV.

484 4201 515 4241 rr
535 4195 636 4242 ra-15
659 4177 720 4239 Res
743 4174 873 4260 publica
894 4175 1050 4240 restituta.

532 4300 633 4347 ra-ar
656 4280 825 4364 Propterea
848 4279 975 4343 decreta
997 4299 1112 4344 nomeu
1136 4280 1283 4363 Augusti,
1314 4287 1420 4365 postea
1449 4280 1593 4358 laureati,
1621 4299 1725 4344 corona

681 4383 789 4461 civica,
814 4383 946 4468 clupeus
969 4404 1093 4448 aureus.

531 4508 634 4554 ‘rr-ee
656 4487 817 4570 Dignitate
839 4489 978 4572 primus,
1000 4495 1158 4573 potestate
1181 4488 1343 4574 praeditus
1368 4489 1456 4552 nulla
1480 4489 1541 4553 nisi
1566 4487 1724 4553 ordinaria.

426 4601 500 4682 Cap.
517 4593 644 4660 XXXV.

485 4724 513 4764 vr
531 4717 633 4764 ae-rr
655 4698 747 4762 Pater
771 4693 891 4780 patriae
915 4695 1103 4780 appellatus.

541 4823 620 4869 auca
656 4806 722 4881 Quo
745 4807 885 4886 tempore
909 4801 987 4865 haec
1010 4802 1127 4886 scripta
1149 4801 1222 4867 sint.
