3734 5517
533 1351 578 1423 ll.
635 1350 988 1425 MONVMENTVM
1037 1350 1416 1425 APOLLONIENSE.

410 1751 596 1835 Apolloniae
617 1752 651 1813 in
672 1750 803 1828 Pisidia,
828 1750 921 1815 hodie
938 1750 1104 1827 Oluburlu,
1129 1772 1191 1813 non
1214 1756 1355 1835 repertae
1379 1757 1454 1814 sunt
1475 1750 1540 1814 nisi
1561 1752 1656 1816 inter-

298 1854 484 1938 pretationis
502 1855 637 1917 Graecae
660 1854 835 1939 particulae
859 1862 891 1919 et
913 1854 1042 1938 quidem
1066 1855 1254 1938 paginarum
1276 1861 1425 1936 quattuor
1444 1861 1550 1937 partes
1572 1877 1656 1919 sum·

299 1978 379 2034 mae,
405 1978 484 2041 quas
506 1959 703 2023 monumenti
725 1959 841 2041 integri
864 1958 1037 2023 secundam
1060 1959 1186 2022 tertiam
1210 1965 1354 2041 quartam
1379 1959 1524 2040 quintam
1545 1960 1656 2035 fuisse,

299 2068 382 2125 totas
418 2061 617 2125 intercidisse
653 2062 783 2146 paginas
818 2062 955 2146 primam
986 2068 1108 2126 sextam
1143 2061 1310 2145 septimam
1339 2082 1412 2125 cum
1446 2061 1658 2126 intellexisset

299 2162 461 2241 Francius,
485 2164 547 2228 iam
573 2165 770 2229 confirmavit
787 2166 905 2229 Graeca
926 2188 1000 2250 pars
1016 2166 1213 2230 monumenti
1227 2166 1389 2247 Ancyrani
1404 2186 1504 2249 nuper
1521 2167 1656 2250 expleta.

299 2267 472 2331 Universae
496 2267 648 2351 reliquias
672 2266 841 2352 descripsit
863 2268 1020 2332 Arundell
1043 2270 1256 2351 (discoperies
1281 2272 1313 2331 io
1336 2271 1418 2333 Asia
1440 2273 1552 2333 minor.
1576 2270 1658 2333 Lon-

300 2370 368 2434 dini
386 2372 470 2436 1834
495 2370 587 2434 vell
611 2392 642 2454 p.
652 2372 717 2433 426
743 2370 813 2435 coll.
838 2372 930 2435 voli
957 2393 988 2456 p.
1003 2372 1104 2454 241);
1137 2371 1285 2455 paginam
1315 2371 1443 2436 tertiam
1472 2378 1504 2435 et
1526 2381 1657 2455 quartae

299 2481 423 2560 partem
451 2475 548 2539 habet
579 2473 672 2539 etiam
697 2475 860 2539 Hamilton
891 2478 1094 2560 (resccrcbes
1125 2481 1158 2538 ia
1180 2478 1262 2539 Asia
1289 2478 1392 2541 mioor
1422 2476 1519 2539 vol?
1548 2497 1578 2560 p.
1592 2479 1654 2541 491

299 2601 331 2642 n.
341 2578 431 2661 455).
456 2578 617 2642 Tractavit
631 2580 809 2661 fragmenta
820 2580 971 2644 Francius
987 2589 1035 2644 ter
1052 2581 1335 2662 (Mooatsbericbte
1351 2582 1407 2643 der
1419 2580 1657 2644 BerliocrAlto-
1684 2613 1688 2620 ·

301 2686 398 2747 domic
422 2704 449 2745 a.
468 2683 551 2747 1839
576 2684 680 2767 paor
694 2703 741 2766 sq.
767 2692 798 2747 et
821 2684 853 2747 C.
867 2685 892 2749 l.
907 2684 958 2747 Gr.
984 2684 1078 2748 vcl.3
1102 2706 1134 2747 n.
1148 2684 1232 2747 3971
1259 2688 1291 2747 et
1313 2682 1347 2746 in
1367 2682 1503 2746 editione
1524 2683 1658 2749 huiusce

300 2786 514 2862 monumenti,
546 2807 642 2869 quam
673 2808 746 2851 cum
768 2788 915 2871 Zumptio
940 2788 1072 2864 curavit,
1103 2808 1133 2871 p.
1150 2790 1210 2850 101
1229 2786 1303 2869 sq).
1351 2786 1501 2868 Singulae
1523 2788 1657 2870 paginae

302 2912 375 2954 cum
397 2890 537 2973 integrae
560 2892 697 2967 fuerunt,
723 2892 888 2973 sexagenis
913 2891 1037 2956 circiter
1053 2891 1198 2955 versibus
1215 2890 1354 2973 exempli
1370 2889 1481 2953 Graeci
1495 2891 1658 2974 Ancyrani

301 2992 535 3077 respondebant
558 2994 782 3078 habebantque
805 2995 894 3079 ipsae
917 3016 1030 3064 versus
1052 3014 1149 3078 supra
1171 2994 1421 3076 quinquagenos.
1457 2994 1558 3057 Hodie
1573 3004 1658 3079 post·

301 3116 398 3179 quam
420 3098 479 3161 hoc
503 3096 642 3182 explevit
657 3097 814 3174 Perrotus,
839 3100 1087 3179 fragmentorum
1103 3096 1375 3180 Apolloniensium
1399 3098 1521 3161 utilitas
1545 3098 1661 3181 exigua

301 3209 358 3264 est.
397 3201 577 3285 Respondet
600 3209 706 3266 autem
728 3202 858 3266 initium
880 3202 1016 3286 paginae
1040 3201 1196 3265 secundae
1219 3201 1456 3285 Apolloniensis
1471 3204 1659 3285 Ancyranae

301 3305 332 3381 3,
351 3305 407 3383 123
431 3305 543 3370 tertiae
567 3306 802 3389 Apolloniensis
826 3308 1014 3389 Ancyranae
1031 3308 1061 3383 6,
1079 3307 1115 3383 53
1140 3315 1270 3388 quartae
1293 3306 1531 3390 Apolloniensis
1554 3309 1659 3391 Ancy·
1785 3391 1786 3400 ἵ

301 3428 396 3472 ranae
420 3410 526 3486 8,17;
552 3410 680 3492 quintae
704 3410 941 3495 Apolloniensis
966 3414 1152 3495 Ancyranae
1179 3414 1228 3487 11,
1249 3412 1299 3476 10.
