3734 5517
350 359 391 422 34
921 354 957 422 11,
969 355 1004 409 46
1018 353 1137 420 -111,s
1211 385 1214 392 ·

284 573 291 578 ·
348 534 529 614 Augustum
565 529 796 595 dedicationem
831 527 919 594 aedis
949 526 1061 592 Martis
1088 525 1209 591 Ultoris
1236 524 1419 608 permisisse
1447 523 1525 591 (icio
1555 529 1587 589 et
1615 523 1708 589 Lucio

351 637 478 718 ὑιιατική
501 658 554 698 τινι
576 634 658 720 ἀρχή
678 633 756 698 κατὰ
776 634 812 697 τὸ
833 632 958 698 παλαιὸν
982 629 1159 716 χρωμένοις,
1183 627 1333 712 oogItauit
1355 628 1466 712 opinor
1488 626 1537 692 vel
1559 632 1643 692 certe
1659 649 1705 692 οο-

350 739 450 820 gitare
473 736 584 801 debuit
598 736 637 801 de
652 735 819 801 consulatu
833 736 940 800 futuro
956 753 1038 799 anno
1054 732 1261 818 praecedente
1276 731 1350 798 dato
1367 731 1463 798 etium
1477 729 1596 796 iuniori
1610 731 1707 795 fratri.

462 841 610 905 Consiliis
626 840 765 924 publicis
779 845 816 903 ut
830 839 985 916 interesse
1000 836 1041 902 iis
1056 835 1175 914 liceret,
1193 834 1289 900 simul
1304 835 1467 916 decretum
1483 841 1540 899 est.
1576 834 1638 899 Dio
1653 834 1708 899 l.c.

349 944 391 1009 ad
407 945 509 1010 atis
533 944 578 1008 sic
601 944 721 1028 pergIt:
744 944 796 1007 καὶ
818 941 894 1026 μετὰ
916 939 1001 1004 τοῦθ’
1021 940 1183 1026 ἱερωσύνην
1208 939 1261 1023 μέν
1277 963 1342 1004 τινα
1359 939 1440 1025 αὐτῷ
1458 937 1566 1024 (Gaio)
1582 938 1635 1002 καὶ
1657 937 1708 1022 τὴν

352 1049 384 1118 ἐς
406 1049 440 1112 τὸ
463 1047 615 1132 συνέδριον
640 1045 836 1131 συμφοίτιγσιν
860 1042 951 1108 τότε
975 1042 1158 1107 συνθεᾶσθαι
1186 1043 1293 1106 καὶτὸ
1318 1041 1528 1108 συνεστιᾶσθαι
1549 1048 1589 1126 τῇ
1614 1042 1710 1128 βουλή

350 1150 458 1230 ἔδωκε,
482 1151 567 1235 qnod
590 1150 752 1214 continuat
774 1150 914 1213 Zonaras
932 1148 983 1226 10,
1008 1147 1049 1210 35
1073 1145 1106 1211 in
1122 1146 1233 1211 Dionis
1257 1143 1414 1232 deperditi
1436 1144 1541 1208 locum
1564 1143 1710 1208 subiens:

351 1253 521 1330 δωδέκατον
546 1253 702 1317 ὑπατεύων
727 1253 743 1314 ὁ
768 1250 942 1334 Αὔγουστος
965 1249 1007 1319 εἰς
1030 1249 1099 1319 τοὺς
1123 1249 1259 1338 ἐφήβους
1281 1250 1330 1313 τὸν
1348 1248 1432 1312 Γάϊον
1458 1245 1542 1316 ἔταξε
1565 1249 1619 1312 καὶ
1634 1247 1665 1315 ἐς
1680 1246 1712 1308 τὸ

351 1357 561 1445 βουλευτήριον
585 1357 649 1440 ἅμα
670 1354 825 1438 εἰσήγαγε.
858 1352 1003 1434 Denique
1019 1350 1081 1416 huc
1096 1351 1253 1436 pertinere
1268 1351 1381 1418 titulus
1397 1351 1522 1417 videtur
1545 1351 1580 1415 G.
1599 1352 1624 1414 Ι.
1641 1350 1676 1414 L.
1700 1350 1713 1412 I

352 1482 383 1545 p.
397 1461 471 1541 286,
497 1480 593 1543 quem
607 1459 654 1524 ibi
669 1459 751 1526 inter
767 1457 869 1542 elogia
890 1455 1000 1522 rettuli
1022 1455 1172 1542 deceptus
1196 1456 1286 1523 falsis
1308 1455 1538 1542 supplementis
1554 1453 1713 1522 damnatis

350 1562 716 1648 mmfflpffi:

907 1736 911 1741 -
1034 1698 1141 1752 ἀοσνοιιίι
1158 1709 1258 1750 secatus
1275 1707 1302 1750 ut
1319 1699 1451 1766 incenset

585 1780 761 1847 CONSILIIS
776 1813 785 1832 ·
798 1777 964 1846 PVBLICIS
977 1812 987 1830 ·
1001 1778 1145 1856 OOIretque
1163 1793 1226 1844 inter
1243 1803 1374 1856 senatores,
1393 1809 1444 1843 cum

584 1886 707 1940 ANNVII
763 1908 771 1926 ·
826 1884 1063 1938 EXPLETVRVS
1118 1897 1171 1938 erat
1227 1899 1287 1934 11111

487 1981 633 2034 MORTEM
653 2003 661 2021 ·
681 1979 761 2034 EIVS
782 2002 791 2020 ·
810 1978 967 2035 IVSTITIO
988 2003 996 2020 ·
1015 1979 1084 2032 PER
1103 2002 1111 2019 ·
1133 1978 1283 2034 OONticccs
1301 1981 1353 2032 dies
1371 2016 1378 2032 .
1393 2017 1401 2032 .
1417 2017 1445 2031 ..

584 2073 699 2128 ouuus
720 2096 728 2114 ·
748 2059 944 2126 nvxusvur
975 2069 984 2133 ι
1015 2072 1174 2127 ouusvrae
1198 2111 1205 2125 .
1225 2111 1232 2124 .
1252 2110 1286 2146 .,
1306 2109 1445 2126 ......

583 2167 787 2222 INSIGNIBVS
802 2190 810 2207 ·
824 2165 1015 2222 oscorum
1034 2166 1104 2220 οῦν
1135 2204 1141 2218 .
1168 2203 1445 2219 ...........

353 2308 443 2387 Quod
466 2307 501 2376 si,
517 2328 591 2391 pars
615 2307 692 2370 haec
715 2315 765 2370 est
793 2304 889 2388 elogii
916 2305 1103 2389 sepulcralis
1132 2305 1314 2370 alterutrius
1337 2304 1475 2370 liliorum
1497 2305 1652 2387 Augusti,
1682 2313 1716 2369 ut

353 2413 478 2477 videtur
501 2431 581 2487 esse,
605 2409 741 2475 efficitur
762 2408 836 2473 inde
859 2409 918 2475 hoc
941 2409 1008 2474 sive
1032 2408 1072 2474 de
1095 2409 1172 2474 Gaio
1196 2410 1263 2474 sive
1286 2409 1329 2474 de.
1341 2410 1437 2475 Lucio
1461 2409 1625 2474 decretum
1647 2430 1715 2474 esse

352 2515 462 2599 paullo
485 2521 558 2582 ante
582 2534 678 2596 quam
701 2532 821 2576 anuum
834 2512 997 2594 ingressus
1014 2512 1161 2594 quintum
1177 2512 1337 2578 decimum
1351 2512 1463 2578 consul
1478 2512 1714 2594 designaretur3

354 2617 477 2681 scilicet
500 2637 561 2699 quo
584 2622 726 2700 tempore
749 2621 878 2680 senatus
902 2614 1056 2691 decrevit,
1087 2621 1124 2680 ut
1153 2615 1221 2680 eius
1245 2615 1284 2680 de
1308 2634 1371 2700 quo
1395 2615 1497 2698 agitur
1521 2616 1555 2680 iu
1579 2615 1716 2682 comitiis

354 2719 574 2786 consularibus
604 2718 757 2803 proximis
787 2723 877 2783 extra
904 2717 1048 2782 ordinem
1067 2717 1156 2782 ‘ratio
1184 2717 1368 2793 haberetur,
1402 2719 1498 2784 simul
1521 2719 1657 2796 adiecit,
1684 2725 1717 2782 ut

354 2823 497 2890 consiliis
525 2822 664 2907 publicis
691 2828 764 2907 post
784 2829 893 2904 togam
919 2821 1046 2887 virilem
1076 2828 1236 2908 sumptam
1259 2821 1440 2900 interesset,
1470 2843 1590 2888 annum
1613 2832 1715 2888 autem
1778 2807 1779 2816 ἵ

357 2926 515 2990 decimum
545 2931 695 3007 quartum
722 2925 751 2990 is
780 2924 921 3010 expleuit
949 2924 1033 2990 inter
1062 2923 1224 2990 decretum
1250 2925 1369 2988 factum
1391 2933 1423 2990 et
1446 2927 1574 2992 comitia
1597 2927 1715 2992 habito.

357 3029 405 3093 De
434 3026 576 3093 censorio
605 3028 715 3092 funere
744 3026 818 3092 vide
840 3027 988 3092 Tacitum
1017 3046 1091 3090 ann.
1114 3029 1172 3104 11,
1197 3028 1216 3092 2
1247 3033 1278 3092 et
1306 3027 1714 3113 Marquardtium5‚136.

353 3132 475 3198 lustitii
495 3138 624 3217 propter
646 3137 781 3198 mortem
801 3131 836 3196 L.
853 3131 998 3196 Caesaris
1021 3129 1134 3196 indicti
1163 3131 1376 3199 meminerunt
1405 3133 1502 3198 etiam
1525 3135 1604 3200 lasti
1628 3136 1716 3220 Ripe-

355 3244 578 3302 transonenses
601 3238 646 3321 (v.
670 3236 754 3302 infra
776 3235 817 3302 ad
839 3237 870 3313 5,
888 3235 946 3320 24)
1777 3235 1778 3322 l

388 3409 396 3416 ,
466 3339 517 3404 Ad
532 3335 747 3424 principatum
762 3339 937 3407 iuventutis
955 3338 1038 3424 quod
1054 3340 1179 3417 attinet,
1202 3345 1327 3425 praeter
1342 3359 1509 3406 nummum
1525 3341 1715 3425 titulumque

357 3451 389 3509 et
403 3443 507 3509 Taciti
522 3443 628 3508 locum
640 3465 738 3529 supra
753 3444 867 3512 relatos
883 3445 1029 3512 memiuit
1045 3445 1116 3510 eius
1136 3465 1176 3508 ex
1191 3444 1292 3511 Dione
1309 3445 1447 3510 Zonaras
1461 3446 1513 3521 10,
1526 3445 1568 3510 85
1584 3445 1626 3512 de
1644 3445 1715 3512 Gaio

359 3556 391 3614 et
405 3547 502 3614 Lucio
517 3567 665 3612 narrans:
689 3548 842 3635 πρόκριτον
866 3550 1002 3637 ἀπέφηνε
1025 3555 1078 3634 τῆς
1100 3549 1241 3635 νεότητος
1263 3548 1388 3636 ἴλαρχόν
1412 3573 1445 3614 τε
1462 3553 1562 3636 φυλῆς
1577 3551 1715 3633 γενέσθαι

357 3650 519 3739 ἐπέτρεψε,
550 3670 744 3734 quamquam
773 3652 806 3716 in
835 3653 926 3717 annis
956 3673 1075 3718 errans.
1111 3653 1277 3720 Praeterea
1300 3653 1359 3718 Dio
1376 3654 1428 3730 55,
1448 3654 1487 3718 12
1517 3653 1550 3716 in
1574 3654 1716 3737 exequiis

357 3754 428 3819 Gaii
449 3763 481 3820 et
496 3755 586 3822 Lucii
608 3753 793 3818 enarrandis
817 3755 894 3820 haec
917 3756 1087 3821 interulis
1110 3757 1221 3822 habet:
1247 3758 1278 3822 ed
1299 3757 1405 3822 πέλται
1428 3758 1466 3821 τά
1488 3781 1521 3822 τε
1545 3756 1671 3844 δόρατα,
1699 3757 1717 3820 ἃ

356 3859 437 3943 παρὰ
458 3864 515 3921 τῶν
540 3858 651 3922 ἱππέων
676 3859 708 3929 ἐς
731 3858 800 3928 τοὺς
824 3858 961 3945 ἐφήβους
984 3858 1114 3928 ἐσιόντες
1136 3863 1236 3946 χρυσᾶ
1259 3860 1321 3944 (sic
1345 3859 1462 3943 errore)
1486 3860 1664 3946 εἰλήφεσαν,
1688 3861 1717 3930 ἐς

356 3961 390 4023 τὸ
414 3961 624 4047 βουλευτήριον
655 3960 796 4045 ἀνετέθη.
842 3961 974 4028 Restant
1003 3961 1160 4046 quaedam
1190 3963 1371 4028 adnotanda
1398 3963 1437 4028 de
1460 3964 1532 4048 ipsa
1553 3965 1717 4048 dignitate.

357 4063 398 4126 Et
426 4062 565 4147 opinatio
595 4066 725 4147 quidem
747 4086 873 4143 eorum,
904 4066 960 4149 qui
988 4066 1163 4152 principem
1192 4067 1366 4133 iuventutis
1396 4069 1521 4153 proprie
1552 4089 1628 4136 eum
1649 4091 1719 4134 esse

358 4167 421 4230 eibi
443 4175 684 4251 persuaserunt,
715 4189 809 4251 quem
841 4169 875 4235 in
904 4170 1067 4253 equitibus
1097 4171 1299 4236 recensendis
1330 4192 1475 4252 censores
1504 4173 1644 4257 primum
1668 4195 1718 4240 vo·

360 4275 487 4334 cessent
510 4270 646 4355 (Becker
662 4273 727 4347 8,]
753 4294 784 4357 p.
798 4275 893 4358 288),
924 4273 1046 4342 dudum
1070 4275 1200 4359 explosa
1229 4285 1277 4340 est
1299 4284 1331 4341 et
1353 4278 1490 4342 refutata
1512 4279 1720 4362 (Marquardt

358 4373 433 4439 hist.
457 4394 506 4457 eq.
533 4395 562 4458 p.
575 4376 649 4458 75);
675 4396 749 4440 narn
771 4377 931 4462 principes
955 4379 1111 4463 equestris
1136 4379 1254 4444 ordinis
1279 4381 1469 4465 similiaque,
1495 4402 1577 4464 quae
1597 4383 1719 4468 passim

359 4477 443 4561 apud
460 4478 641 4543 Ciceronem
664 4478 873 4562 reperiuntur,
897 4501 938 4544 ne
960 4501 1053 4564 posse
1074 4481 1205 4564 quidem
1229 4483 1274 4550 sio
1297 4485 1398 4570 accipi
1419 4485 1471 4550 vel
1487 4485 1562 4550 inde
1578 4495 1719 4571 apparet,

360 4579 444 4662 quod
467 4580 507 4644 ab
524 4601 551 4643 a.
569 4582 633 4645 685
650 4581 690 4646 ad
706 4601 735 4644 a
749 4584 813 4646 726
836 4583 972 4649 lustrum
988 4586 1114 4650 nullum
1137 4586 1297 4652 conditum
1313 4596 1371 4666 est,
1394 4609 1497 4673 neque
1519 4611 1618 4673 quem
1637 4611 1719 4656 com-

358 4690 471 4768 parant
492 4684 640 4769 princeps
662 4691 791 4750 senatus
814 4685 885 4755 ideo
908 4687 955 4752 sic
978 4688 1103 4764 dieitur,
1128 4689 1211 4770 quod
1235 4690 1356 4774 primus
1380 4701 1428 4758 est
1441 4694 1483 4758 -in
1504 4695 1627 4760 tabulis
1648 4715 1720 4762 cen-

357 4788 451 4857 soriis
474 4797 669 4870 senatorum,
699 4791 757 4857 sed
785 4791 885 4876 quod.
897 4792 1033 4876 primus·
1047 4794 1080 4860 in
1112 4800 1221 4860 senatu
1250 4796 1440 4862 sententiam
1459 4804 1603 4879 rogatur.
1654 4798 1721 4864 Nec
