3734 5517
348 361 391 424 54
478 349 483 359 '
953 363 1099 429 000-0

458 537 561 600 Aedes
585 537 745 602 Mineruae
766 547 798 601 et
819 539 952 602 Iunonis
975 539 1117 617 11001000
1136 548 1168 600 01
1189 535 1276 602 locis
1297 539 1471 601 ubertatis
1492 541 1526 600 in
1542 539 1710 604 Auentino.

351 637 398 702 af.
416 637 536 702 Becker
559 637 598 703 de
614 639 717 724 prims
732 661 763 724 p.
772 642 846 717 454,
871 641 910 706 de
927 637 1066 704 secunda
1080 643 1194 725 0452,
1219 641 1257 704 (10
1273 640 1367 704 100110
1381 642 1484 724 0457
1502 641 1624 704 01721.
1665 641 1711 704 Do

352 742 427 805 1000
442 739 612 821 Libertate,
638 744 694 827 001
706 743 784 813 Ζεὺς
800 744 973 831 ἐλευθέριος
990 743 1104 808 dicitur
1118 744 1283 830 interpreti
1299 745 1367 828 (18,
1383 743 1450 827 23),
1480 742 1712 808 dubitationem

350 864 475 909 omnem
497 846 613 911 tollunt
633 846 720 912 tituli
741 847 807 912 iam
830 848 907 912 satis
931 848 997 911 noti
1021 846 1282 912 0001110011249.
1302 847 1396 911 1282.
1435 845 1540 911 Aedes
1562 846 1622 912 has
1647 852 1711 910 tres

350 948 518 1012 numinum
546 950 644 1014 trium
667 951 917 1035 Capitolinomm
944 957 1028 1014 recte
1052 951 1217 1035 Zumptius
1248 949 1429 1015 observavit
1455 967 1517 1013 non
1541 969 1618 1014 casu
1642 969 1713 1014 con-

350 1051 454 1133 iungi,
486 1052 543 1116 sed
565 1054 738 1117 sacrarium
762 1054 901 1118 effecisse
929 1053 1139 1137 tripertitum,
1171 1054 1346 1137 habuitque
1373 1052 1469 1134 igitur
1498 1059 1534 1116 ut
1556 1051 1713 1137 Tarpeius

351 1172 442 1217 mons
465 1161 497 1218 et
519 1155 610 1220 collis
634 1157 806 1233 Quirinalis
829 1157 943 1241 (Varro
966 1156 1167 1235 1.1.5,158;
1193 1157 1311 1220 Becher
1334 1177 1366 1240 p.
1377 1155 1457 1239 577)
1487 1155 1584 1218 etiam
1608 1157 1713 1218 Aven-

352 1256 439 1320 tinus
462 1278 556 1322 suum
579 1260 671 1342 quasi
695 1261 895 1345 Capitolium.
948 1258 996 1322 Ile
1019 1259 1138 1341 origine
1167 1260 1226 1324 hoc
1248 1266 1375 1325 tantum
1397 1258 1576 1342 accepimus
1602 1259 1714 1322 aedem

352 1359 482 1423 Iunonis
505 1361 620 1425 factam
649 1382 719 1426 esse
740 1362 829 1426 Veiis
851 1362 953 1446 captis
976 1383 996 1425 a
1019 1362 1165 1441 Camillo;
1198 1362 1373 1438 Minervae,
1404 1381 1486 1445 quae
1510 1360 1605 1424 aedes
1629 1370 1714 1425 certe

282 1456 287 1464 ’
353 1462 459 1527 extitit
479 1464 545 1528 iam
571 1466 655 1530 bello
678 1465 903 1542 Hannibalico,
932 1465 1080 1548 Iovisque
1111 1465 1236 1549 quando
1266 1465 1428 1532 dedicatae
1452 1465 1517 1528 sint
1538 1463 1713 1545 ignoratur.

353 1563 436 1628 Fieri
467 1573 571 1650 potest
600 1575 637 1632 ut
664 1570 722 1633 has
760 1587 886 1653 quoque
910 1568 1063 1632 Camillus
1092 1569 1237 1635 excitarit
1265 1569 1425 1652 triumque
1449 1567 1562 1631 harum
1586 1568 1716 1633 aedium

353 1668 440 1750 origo
463 1673 637 1735 communis
661 1673 711 1737 eit

464 1775 567 1837 Aedes
590 1777 707 1838 Larum
727 1778 762 1837 ia
784 1795 904 1838 summa
926 1795 1024 1838 sacra
1046 1778 1109 1837 oia.
1146 1774 1191 1837 Cf.
1210 1774 1328 1836 Becker
1344 1777 1408 1856 top.
1426 1775 1527 1859 p.101
1546 1779 1580 1838 et
1595 1774 1715 1838 Preller

354 1874 455 1958 myth.
470 1876 561 1941 Rom.
576 1899 607 1963 p.
620 1881 695 1943 497.
732 1879 835 1942 Huius
850 1878 937 1942 aedis
952 1879 1080 1943 titulum
1098 1897 1167 1941 esse
1184 1877 1318 1941 credidit
1333 1877 1519 1942 (lhishullus
1533 1877 1714 1962 inscriptio·

355 1997 430 2041 nem
441 1979 466 2045 Ι.
482 1979 519 2043 N.
529 1983 615 2046 6764
626 2009 656 2043 =
666 1982 760 2047 Orell.
772 1984 868 2059 1668,
885 2003 981 2066 quam
999 1982 1053 2065 qui
1070 1981 1223 2064 originem
1238 1981 1307 2045 eius
1324 1981 1410 2045 00100
1425 1979 1567 2065 prodidit
1578 1979 1715 2045 Ursinus

354 2081 390 2144 in
413 2101 503 2148 sacra
525 2085 578 2149 via
599 2094 754 2171 repertam
778 2107 848 2150 esse
871 2086 996 2150 scribit:
1021 2088 1158 2148 Laribus
1178 2087 1317 2165 publicis
1340 2103 1467 2147 sacram
1490 2086 1564 2165 imp.
1592 2084 1716 2148 Caesar

356 2187 518 2267 depastus
537 2194 688 2272 pontisas
709 2194 864 2254 00001000
889 2191 1035 2253 tabente.
1058 2199 1212 2269 potestat.
1230 2209 1328 2256 0000
1350 2209 1390 2252 aa
1411 2191 1513 2268 stipe,
1543 2206 1638 2268 quam
1658 2209 1716 2270 pc

353 2291 502 2370 pelasci
526 2298 658 2358 contulit
688 2297 716 2357 b.
741 2296 871 2357 100000.
900 2295 1027 2373 apsenti
1053 2293 1086 2354 Ο.
1106 2293 1250 2356 Calcisio
1269 2293 1389 2355 Sabino
1405 2293 1440 2353 L.
1458 2292 1617 2356 Passieno
1633 2293 1716 2373 Ruso
1782 2363 1783 2368 ἵ

358 2413 424 2456 000.
451 2395 497 2476 (0.
521 2418 546 2458 0.
561 2399 651 2478 756).
697 2396 838 2460 Eandem
861 2397 965 2460 basim
988 2395 1114 2460 stetisse
1138 2397 1197 2459 sub
1222 2396 1310 2477 siguo
1335 2393 1441 2476 aliquo
1456 2393 1491 2456 iu
1508 2392 1585 2456 aede
1601 2394 1716 2458 Larum

359 2494 501 2561 dedicato
525 2499 708 2565 existimant
729 2500 887 2564 Prellerus
911 2508 988 2582 (reg.
1012 2521 1043 2584 p.
1056 2500 1096 2563 81
1114 2499 1195 2582 not.)
1218 2506 1250 2563 et
1272 2498 1312 2562 ad
1329 2498 1361 2562 h.
1377 2498 1399 2561 l.
1413 2497 1580 2582 Zumptius
1604 2499 1718 2563 collato

358 2597 427 2660 loco
444 2597 634 2666 Suetonlano
650 2603 730 2685 Aug.
749 2604 806 2667 57:
831 2623 936 2667 omnes
961 2605 1089 2667 ordines
1106 2605 1133 2665 lr.
1151 2605 1220 2666 Ian.
1237 2612 1376 2666 strenam
1391 2605 1425 2664 ia
1444 2602 1608 2682 Capitolio
1624 2607 1718 2666 etiam

359 2701 486 2765 absenti
504 2703 746 2789 (contulerunt),
769 2729 809 2770 00
832 2726 894 2788 000
916 2727 1036 2770 summo
1056 2709 1293 2788 pretiosissima
1309 2709 1436 2769 deorum
1450 2707 1626 2769 simulacra
1640 2727 1719 2770 mer·

360 2811 605 2871 001000100100
628 2812 808 2887 dedicabat,
832 2821 867 2873 ct
890 2810 1508 2891 01001110008000011001000100000000
1534 2811 1720 2890 traqocdam

360 2911 498 2990 alioque.
556 2910 633 2975 Mihi
666 2919 778 2976 neutra
806 2914 912 2997 opinio
939 2933 1015 2977 0000
1043 2913 1182 2990 videtur,
1214 2933 1408 2996 quamquam
1435 2931 1499 2976 nou
1526 2933 1609 2995 nego
1637 2919 1719 2978 recte

359 3010 535 3078 Prellerum
557 3015 804 3099 Zumptiumque
835 3017 936 3079 basim
965 3015 1046 3080 hano
1075 3016 1235 3079 rettulisse
1265 3015 1504 3080 adstatuarum
1529 3018 1719 3082 000000011-

362 3134 473 3196 quam,
504 3117 544 3181 de
567 3119 685 3201 quibus
708 3119 729 3182 l.
747 3140 773 3181 0.
799 3119 969 3183 Suetonius
993 3115 1078 3182 dicit.
1126 3117 1206 3182 Nem
1230 3118 1357 3202 siquid
1381 3118 1489 3196 video,
1513 3119 1647 3185 vicatim
1670 3122 1719 3184 de·
1780 3153 1781 3208 p

362 3220 467 3284 dicare
489 3241 552 3285 non
575 3229 624 3287 est
646 3223 711 3286 nisi
734 3242 914 3287 consecrare
930 3223 1065 3288 Laribus
1088 3223 1237 3308 publicis,
1261 3244 1334 3287 cum
1355 3223 1417 3288 vici
1433 3223 1552 3287 fuerint
1571 3224 1607 3286 in
1622 3223 1720 3288 tutela

361 3323 488 3391 Larum.
540 3326 711 3390 Confirmat
737 3325 770 3389 id
799 3325 913 3390 titulus
945 3326 1059 3390 similis
1095 3347 1122 3389 a.
1145 3327 1208 3390 745
1237 3325 1360 3410 positus
1392 3324 1556 3390 dedicatus
1581 3327 1719 3391 Volcano

362 3425 580 3510 (Οο011.598);
604 3449 679 3492 nam
701 3449 774 3494 eum
794 3429 963 3511 magistros
985 3429 1127 3493 vicorum
1150 3429 1329 3510 Larumque
1352 3430 1516 3510 Augustus
1539 3449 1567 3493 a.
1593 3430 1719 3494 demum

362 3532 426 3594 747
456 3529 631 3594 instituerit
659 3532 793 3615 (Preller
815 3551 879 3615 reg.
902 3553 933 3617 p.
949 3533 1006 3617 82)
1035 3533 1143 3615 itaque
1172 3531 1265 3596 facile
1296 3529 1484 3615 explicetur,
1515 3533 1629 3597 curin
1655 3534 1720 3598 basi

362 3655 390 3697 a.
404 3636 468 3698 745
492 3633 588 3697 Lares
603 3633 733 3717 publici
755 3654 817 3697 non
840 3635 1051 3711 nominentur,
1075 3634 1278 3698 inveniantur
1301 3641 1407 3698 autem
1428 3635 1462 3699 in
1479 3635 1582 3700 altera
1605 3659 1633 3702 0.
1647 3639 1719 3713 750,

361 3746 469 3802 tamen
492 3739 589 3803 etiam
605 3737 741 3801 Vulcani
763 3737 867 3802 cultus
890 3746 927 3802 ut
949 3740 1091 3804 omnium
1114 3739 1281 3802 numinum
1306 3759 1386 3822 quae
1408 3747 1552 3803 arcerent
1574 3740 1722 3804 incendia

364 3859 460 3924 quam
482 3843 620 3906 maxime
644 3841 684 3904 ad
706 3841 793 3905 vicos
815 3841 969 3925 pertinuit
992 3841 1103 3923 (Orell.
1118 3841 1201 3906 1385
1216 3842 1291 3925 sq.).
1339 3842 1443 3918 Quare
1464 3862 1570 3925 neque
1586 3843 1721 3908 Vulcani

364 3946 490 4027 signum
521 3945 598 4010 haec
628 3945 715 4010 basis
739 3966 842 4030 00000
868 3945 985 4009 Larum
1006 3945 1065 4009 illa
1092 3945 1244 4009 sustinuit
1272 3964 1375 4028 neque
1403 3944 1480 4008 adeo
1507 3951 1664 4010 steterunt
1689 3948 1722 4010 in
1778 4009 1779 4012 ,

363 4048 496 4112 aedibus
512 4049 644 4114 Vulcani
668 4051 833 4126 Larumve,
858 4049 915 4113 sed
938 4049 978 4112 ad
1002 4049 1139 4132 compita
1169 4049 1309 4113 vicorum
1337 4049 1443 4112 nescio
1470 4069 1608 4131 quorum
1634 4051 1724 4132 signa
1778 4033 1779 4044 ¹

362 4152 502 4237 pretiosa
516 4151 593 4216 olim
608 4153 835 4217 sustinuemnt.
860 4153 1002 4230 Quonam
1020 4159 1127 4216 autem
1143 4159 1283 4235 tempore
1300 4151 1411 4218 aedem
1426 4151 1544 4216 Larum
1559 4155 1723 4235 Augustus

362 4256 516 4333 refecerit,
539 4256 708 4337 ignoratur.

474 4363 575 4424 Aedes
601 4363 689 4424 deam
704 4363 867 4425 Penatium
888 4363 1040 4440 inVelic.
1077 4360 1396 4444 athenopolis.
1442 4360 1626 4442 Augustum
1646 4369 1726 4425 tem·

364 4463 454 4548 plum
475 4465 535 4528 hoc
556 4463 703 4528 reiecisse
727 4464 801 4528 hinc
823 4471 948 4528 tantum
971 4463 1193 4549 comperimus.
1237 4461 1409 4547 Dionysius
1424 4469 1531 4528 autem
1549 4485 1645 4548 quam
1661 4465 1725 4528 sibi

364 4566 466 4631 visam
481 4564 634 4631 describit
649 4567 759 4630 aedem
775 4565 869 4632 deum
887 4568 1057 4631 Penatium
1077 4571 1104 4644 1,
1123 4569 1174 4644 68,
1192 4586 1230 4630 00
1245 4573 1335 4630 00100
1350 4566 1421 4644 fuit,
1444 4587 1507 4631 non
1524 4568 1565 4632 ab
1581 4571 1726 4650 Augusto

365 4669 550 4734 instaurata.
