<?xml version="1.0" encoding="UTF-8"?>
<!DOCTYPE html PUBLIC "-//W3C//DTD XHTML 1.0 Transitional//EN"
    "http://www.w3.org/TR/xhtml1/DTD/xhtml1-transitional.dtd">
<html xmlns="http://www.w3.org/1999/xhtml" xml:lang="en" lang="en">
 <head>
  <title>
</title>
<meta http-equiv="Content-Type" content="text/html;charset=utf-8" />
  <meta name='ocr-system' content='tesseract 3.04.00' />
  <meta name='ocr-capabilities' content='ocr_page ocr_carea ocr_par ocr_line ocrx_word'/>
</head>
<body>
  <div class='ocr_page' id='page_1' title='image "./resgestaediviau01augugoog_0192.png"; bbox 0 0 3734 5517; ppageno 0'>
   <div class='ocr_carea' id='block_1_1' title="bbox 361 339 1118 404">
    <p class='ocr_par' dir='ltr' id='par_1_1' title="bbox 361 339 1118 404">
     <span class='ocr_line' id='line_1_1' title="bbox 361 339 1118 404; baseline -0.012 -4"><span class='ocrx_word' id='word_1_1' title='bbox 361 339 403 402; x_wconf 87' lang='grc'>96</span> <span class='ocrx_word' id='word_1_2' title='bbox 956 339 1004 404; x_wconf 88' lang='lat' dir='ltr'>Vl,</span> <span class='ocrx_word' id='word_1_3' title='bbox 1015 339 1031 390; x_wconf 90' lang='grc'><strong>6</strong></span> <span class='ocrx_word' id='word_1_4' title='bbox 1043 366 1075 375; x_wconf 90' lang='grc'>-</span> <span class='ocrx_word' id='word_1_5' title='bbox 1086 340 1118 392; x_wconf 73' lang='lat' dir='ltr'>tl</span> 
     </span>
    </p>
   </div>
   <div class='ocr_carea' id='block_1_2' title="bbox 358 511 1717 1634">
    <p class='ocr_par' dir='ltr' id='par_1_2' title="bbox 358 511 1717 1634">
     <span class='ocr_line' id='line_1_2' title="bbox 359 511 1713 597; baseline -0.001 -20"><span class='ocrx_word' id='word_1_6' title='bbox 359 513 434 578; x_wconf 92' lang='lat' dir='ltr'>tulit</span> <span class='ocrx_word' id='word_1_7' title='bbox 457 512 667 595; x_wconf 75' lang='lat' dir='ltr'><strong>obtinuitque,</strong></span> <span class='ocrx_word' id='word_1_8' title='bbox 692 516 729 576; x_wconf 89' lang='grc'>111</span> <span class='ocrx_word' id='word_1_9' title='bbox 749 511 817 576; x_wconf 86' lang='grc'><strong>11115</strong></span> <span class='ocrx_word' id='word_1_10' title='bbox 832 511 1051 576; x_wconf 81' lang='lat' dir='ltr'>Alexandreae</span> <span class='ocrx_word' id='word_1_11' title='bbox 1074 519 1167 597; x_wconf 86' lang='lat' dir='ltr'>capta</span> <span class='ocrx_word' id='word_1_12' title='bbox 1188 511 1253 576; x_wconf 90' lang='lat' dir='ltr'>sibi</span> <span class='ocrx_word' id='word_1_13' title='bbox 1267 511 1487 576; x_wconf 65' lang='lat' dir='ltr'>restituerem</span> <span class='ocrx_word' id='word_1_14' title='bbox 1504 511 1713 597; x_wconf 70' lang='grc'><strong>(5155115</strong></span> 
     </span>
     <span class='ocr_line' id='line_1_3' title="bbox 360 613 1716 701; baseline -0.001 -22"><span class='ocrx_word' id='word_1_15' title='bbox 360 618 412 700; x_wconf 79' lang='grc' dir='ltr'>τὴν</span> <span class='ocrx_word' id='word_1_16' title='bbox 433 617 580 700; x_wconf 82' lang='grc' dir='ltr'>Ἰωτάπην</span> <span class='ocrx_word' id='word_1_17' title='bbox 613 624 656 701; x_wconf 80' lang='grc' dir='ltr'>τῷ</span> <span class='ocrx_word' id='word_1_18' title='bbox 680 613 780 700; x_wconf 82' lang='grc' dir='ltr'>Μήδῳ</span> <span class='ocrx_word' id='word_1_19' title='bbox 804 615 1008 700; x_wconf 73' lang='grc' dir='ltr'>καταφυγόντι</span> <span class='ocrx_word' id='word_1_20' title='bbox 1031 615 1106 700; x_wconf 78' lang='grc' dir='ltr'><strong>μετὰ</strong></span> <span class='ocrx_word' id='word_1_21' title='bbox 1135 617 1188 699; x_wconf 82' lang='grc' dir='ltr'>τὴν</span> <span class='ocrx_word' id='word_1_22' title='bbox 1210 616 1300 700; x_wconf 81' lang='grc' dir='ltr'><strong>ἧτταν</strong></span> <span class='ocrx_word' id='word_1_23' title='bbox 1323 617 1397 701; x_wconf 78' lang='grc' dir='ltr'>πρὸς</span> <span class='ocrx_word' id='word_1_24' title='bbox 1424 615 1512 680; x_wconf 79' lang='grc' dir='ltr'>αὐτὸν</span> <span class='ocrx_word' id='word_1_25' title='bbox 1543 619 1620 680; x_wconf 81' lang='grc' dir='ltr'>ἑκὼν</span> <span class='ocrx_word' id='word_1_26' title='bbox 1650 616 1716 679; x_wconf 75' lang='lat' dir='ltr'>airi-</span> 
     </span>
     <span class='ocr_line' id='line_1_4' title="bbox 359 719 1716 803; baseline 0 -21"><span class='ocrx_word' id='word_1_27' title='bbox 359 722 465 798; x_wconf 81' lang='lat' dir='ltr'>daze).</span> <span class='ocrx_word' id='word_1_28' title='bbox 495 720 579 784; x_wconf 90' lang='lat' dir='ltr'>Haec</span> <span class='ocrx_word' id='word_1_29' title='bbox 597 719 775 803; x_wconf 81' lang='lat' dir='ltr'>scriptores.</span> <span class='ocrx_word' id='word_1_30' title='bbox 807 721 968 800; x_wconf 85' lang='lat' dir='ltr'>Augustus</span> <span class='ocrx_word' id='word_1_31' title='bbox 986 725 1094 782; x_wconf 90' lang='lat' dir='ltr'>autem</span> <span class='ocrx_word' id='word_1_32' title='bbox 1108 719 1141 782; x_wconf 91' lang='lat' dir='ltr'>in</span> <span class='ocrx_word' id='word_1_33' title='bbox 1159 719 1383 784; x_wconf 87' lang='lat' dir='ltr'>commentario</span> <span class='ocrx_word' id='word_1_34' title='bbox 1398 719 1438 783; x_wconf 91' lang='lat' dir='ltr'>de</span> <span class='ocrx_word' id='word_1_35' title='bbox 1453 719 1554 784; x_wconf 88' lang='lat' dir='ltr'>Medis</span> <span class='ocrx_word' id='word_1_36' title='bbox 1572 726 1716 802; x_wconf 83' lang='lat' dir='ltr'>quattuor</span> 
     </span>
     <span class='ocr_line' id='line_1_5' title="bbox 359 822 1716 905; baseline -0.002 -17"><span class='ocrx_word' id='word_1_37' title='bbox 359 824 436 888; x_wconf 90' lang='lat' dir='ltr'>locis</span> <span class='ocrx_word' id='word_1_38' title='bbox 459 824 536 888; x_wconf 88' lang='lat' dir='ltr'>haec</span> <span class='ocrx_word' id='word_1_39' title='bbox 564 824 673 887; x_wconf 91' lang='lat' dir='ltr'>habet:</span> <span class='ocrx_word' id='word_1_40' title='bbox 704 822 842 905; x_wconf 87' lang='lat' dir='ltr'>primum</span> <span class='ocrx_word' id='word_1_41' title='bbox 874 825 1049 903; x_wconf 76' lang='lat' dir='ltr'>supplicem</span> <span class='ocrx_word' id='word_1_42' title='bbox 1076 826 1260 904; x_wconf 72' lang='lat' dir='ltr'>confugisse</span> <span class='ocrx_word' id='word_1_43' title='bbox 1289 826 1333 886; x_wconf 92' lang='lat' dir='ltr'>ad</span> <span class='ocrx_word' id='word_1_44' title='bbox 1362 845 1399 887; x_wconf 86' lang='lat' dir='ltr'>se</span> <span class='ocrx_word' id='word_1_45' title='bbox 1427 844 1533 904; x_wconf 80' lang='lat' dir='ltr'>nepem</span> <span class='ocrx_word' id='word_1_46' title='bbox 1560 825 1716 889; x_wconf 86' lang='lat' dir='ltr'>Medorum</span> 
     </span>
     <span class='ocr_line' id='line_1_6' title="bbox 359 925 1714 1010; baseline 0 -20"><span class='ocrx_word' id='word_1_47' title='bbox 359 930 560 991; x_wconf 83' lang='lat' dir='ltr'>Artauasden</span> <span class='ocrx_word' id='word_1_48' title='bbox 576 929 621 1010; x_wconf 88' lang='lat'>(6,</span> <span class='ocrx_word' id='word_1_49' title='bbox 637 927 687 1010; x_wconf 85' lang='lat'>1);</span> <span class='ocrx_word' id='word_1_50' title='bbox 711 925 825 988; x_wconf 88' lang='lat' dir='ltr'>deinde</span> <span class='ocrx_word' id='word_1_51' title='bbox 850 927 1011 989; x_wconf 78' lang='lat' dir='ltr'>Medorum</span> <span class='ocrx_word' id='word_1_52' title='bbox 1033 946 1137 1007; x_wconf 75' lang='lat' dir='ltr'>regem</span> <span class='ocrx_word' id='word_1_53' title='bbox 1160 930 1334 990; x_wconf 81' lang='lat' dir='ltr'>amicitiam</span> <span class='ocrx_word' id='word_1_54' title='bbox 1348 929 1563 992; x_wconf 79' lang='lat' dir='ltr'>Rornanorum</span> <span class='ocrx_word' id='word_1_55' title='bbox 1582 931 1714 1008; x_wconf 86' lang='lat' dir='ltr'>petiisse</span> 
     </span>
     <span class='ocr_line' id='line_1_7' title="bbox 359 1031 1716 1115; baseline -0.001 -21"><span class='ocrx_word' id='word_1_56' title='bbox 359 1033 404 1115; x_wconf 83' lang='lat'>(5,</span> <span class='ocrx_word' id='word_1_57' title='bbox 422 1032 494 1115; x_wconf 68' lang='lat'>53),</span> <span class='ocrx_word' id='word_1_58' title='bbox 525 1037 687 1114; x_wconf 88' lang='lat' dir='ltr'>praeterea</span> <span class='ocrx_word' id='word_1_59' title='bbox 709 1031 818 1093; x_wconf 88' lang='lat' dir='ltr'>Medos</span> <span class='ocrx_word' id='word_1_60' title='bbox 848 1050 870 1092; x_wconf 91' lang='lat' dir='ltr'>a</span> <span class='ocrx_word' id='word_1_61' title='bbox 892 1049 927 1092; x_wconf 88' lang='lat' dir='ltr'>se</span> <span class='ocrx_word' id='word_1_62' title='bbox 957 1050 1061 1110; x_wconf 73' lang='lat' dir='ltr'>regem</span> <span class='ocrx_word' id='word_1_63' title='bbox 1089 1033 1226 1110; x_wconf 85' lang='lat' dir='ltr'>petiisse</span> <span class='ocrx_word' id='word_1_64' title='bbox 1248 1032 1516 1112; x_wconf 73' lang='lat' dir='ltr'>Ariobarzanem,</span> <span class='ocrx_word' id='word_1_65' title='bbox 1546 1033 1716 1113; x_wconf 78' lang='grc'><strong>15915115-</strong></span> 
     </span>
     <span class='ocr_line' id='line_1_8' title="bbox 359 1134 1717 1219; baseline -0.002 -19"><span class='ocrx_word' id='word_1_66' title='bbox 359 1139 468 1200; x_wconf 89' lang='lat' dir='ltr'>doram</span> <span class='ocrx_word' id='word_1_67' title='bbox 497 1137 690 1198; x_wconf 81' lang='lat' dir='ltr'>Artauasdis</span> <span class='ocrx_word' id='word_1_68' title='bbox 716 1137 830 1214; x_wconf 75' lang='lat' dir='ltr'>filiam,</span> <span class='ocrx_word' id='word_1_69' title='bbox 866 1136 954 1214; x_wconf 75' lang='lat' dir='ltr'>regis</span> <span class='ocrx_word' id='word_1_70' title='bbox 985 1135 1219 1198; x_wconf 70' lang='lat' dir='ltr'>Ariobarzanis</span> <span class='ocrx_word' id='word_1_71' title='bbox 1249 1143 1392 1216; x_wconf 85' lang='lat' dir='ltr'>nepotem</span> <span class='ocrx_word' id='word_1_72' title='bbox 1416 1136 1475 1219; x_wconf 87' lang='lat'>(6,</span> <span class='ocrx_word' id='word_1_73' title='bbox 1492 1136 1551 1218; x_wconf 86' lang='grc'>9);</span> <span class='ocrx_word' id='word_1_74' title='bbox 1584 1134 1717 1216; x_wconf 91' lang='lat' dir='ltr'>denique</span> 
     </span>
     <span class='ocr_line' id='line_1_9' title="bbox 358 1239 1716 1321; baseline -0.002 -19"><span class='ocrx_word' id='word_1_75' title='bbox 358 1242 538 1302; x_wconf 79' lang='lat' dir='ltr'>Armeniam</span> <span class='ocrx_word' id='word_1_76' title='bbox 560 1242 709 1302; x_wconf 87' lang='lat' dir='ltr'>maiorem</span> <span class='ocrx_word' id='word_1_77' title='bbox 733 1241 882 1302; x_wconf 89' lang='lat' dir='ltr'>domitam</span> <span class='ocrx_word' id='word_1_78' title='bbox 906 1259 965 1318; x_wconf 86' lang='lat' dir='ltr'>per</span> <span class='ocrx_word' id='word_1_79' title='bbox 988 1239 1101 1301; x_wconf 83' lang='lat' dir='ltr'>Gaiam</span> <span class='ocrx_word' id='word_1_80' title='bbox 1122 1241 1220 1319; x_wconf 74' lang='lat' dir='ltr'>attan</span> <span class='ocrx_word' id='word_1_81' title='bbox 1242 1259 1332 1302; x_wconf 86' lang='lat' dir='ltr'>snam</span> <span class='ocrx_word' id='word_1_82' title='bbox 1354 1242 1524 1321; x_wconf 78' lang='lat' dir='ltr'>rependam</span> <span class='ocrx_word' id='word_1_83' title='bbox 1554 1260 1590 1301; x_wconf 90' lang='grc'>55</span> <span class='ocrx_word' id='word_1_84' title='bbox 1621 1242 1716 1301; x_wconf 84' lang='lat' dir='ltr'>tradi-</span> 
     </span>
     <span class='ocr_line' id='line_1_10' title="bbox 358 1344 1716 1424; baseline -0.001 -18"><span class='ocrx_word' id='word_1_85' title='bbox 358 1346 446 1406; x_wconf 90' lang='lat' dir='ltr'>disse</span> <span class='ocrx_word' id='word_1_86' title='bbox 469 1345 685 1406; x_wconf 77' lang='lat' dir='ltr'>Ariobarzani</span> <span class='ocrx_word' id='word_1_87' title='bbox 714 1345 801 1422; x_wconf 74' lang='lat' dir='ltr'>regis</span> <span class='ocrx_word' id='word_1_88' title='bbox 826 1344 988 1405; x_wconf 83' lang='lat' dir='ltr'>Medorum</span> <span class='ocrx_word' id='word_1_89' title='bbox 1013 1344 1207 1405; x_wconf 79' lang='lat' dir='ltr'>Artavasdis</span> <span class='ocrx_word' id='word_1_90' title='bbox 1236 1345 1304 1422; x_wconf 75' lang='lat' dir='ltr'>filio</span> <span class='ocrx_word' id='word_1_91' title='bbox 1333 1352 1363 1406; x_wconf 82' lang='lat' dir='ltr'>et</span> <span class='ocrx_word' id='word_1_92' title='bbox 1389 1352 1467 1424; x_wconf 85' lang='lat' dir='ltr'>post</span> <span class='ocrx_word' id='word_1_93' title='bbox 1493 1345 1562 1406; x_wconf 85' lang='lat' dir='ltr'>eius</span> <span class='ocrx_word' id='word_1_94' title='bbox 1593 1352 1716 1405; x_wconf 84' lang='lat' dir='ltr'>mortem</span> 
     </span>
     <span class='ocr_line' id='line_1_11' title="bbox 358 1445 1716 1530; baseline -0.001 -21"><span class='ocrx_word' id='word_1_95' title='bbox 358 1449 425 1528; x_wconf 66' lang='lat' dir='ltr'>pllio</span> <span class='ocrx_word' id='word_1_96' title='bbox 449 1448 517 1508; x_wconf 87' lang='lat' dir='ltr'>eius</span> <span class='ocrx_word' id='word_1_97' title='bbox 541 1448 716 1510; x_wconf 85' lang='lat' dir='ltr'>Artauasdi</span> <span class='ocrx_word' id='word_1_98' title='bbox 741 1447 791 1529; x_wconf 82' lang='lat'>(5,</span> <span class='ocrx_word' id='word_1_99' title='bbox 808 1447 882 1530; x_wconf 80' lang='lat'>29).</span> <span class='ocrx_word' id='word_1_100' title='bbox 935 1445 1077 1509; x_wconf 90' lang='lat' dir='ltr'>Primum</span> <span class='ocrx_word' id='word_1_101' title='bbox 1106 1451 1143 1509; x_wconf 90' lang='lat' dir='ltr'>ut</span> <span class='ocrx_word' id='word_1_102' title='bbox 1172 1445 1211 1508; x_wconf 90' lang='lat' dir='ltr'>de</span> <span class='ocrx_word' id='word_1_103' title='bbox 1240 1446 1367 1510; x_wconf 89' lang='lat' dir='ltr'>nomine</span> <span class='ocrx_word' id='word_1_104' title='bbox 1396 1447 1578 1522; x_wconf 88' lang='lat' dir='ltr'>videamus,</span> <span class='ocrx_word' id='word_1_105' title='bbox 1610 1446 1716 1510; x_wconf 89' lang='lat' dir='ltr'>Latine</span> 
     </span>
     <span class='ocr_line' id='line_1_12' title="bbox 358 1549 1714 1634; baseline 0.001 -22"><span class='ocrx_word' id='word_1_106' title='bbox 358 1549 507 1614; x_wconf 85' lang='lat' dir='ltr'>scribitur</span> <span class='ocrx_word' id='word_1_107' title='bbox 530 1551 729 1613; x_wconf 84' lang='lat' dir='ltr'>Artauazdes</span> <span class='ocrx_word' id='word_1_108' title='bbox 754 1549 886 1632; x_wconf 87' lang='lat'><strong>(6,11)</strong></span> <span class='ocrx_word' id='word_1_109' title='bbox 910 1555 942 1612; x_wconf 90' lang='grc'>51</span> <span class='ocrx_word' id='word_1_110' title='bbox 964 1551 1165 1613; x_wconf 83' lang='lat' dir='ltr'>Artauasdes</span> <span class='ocrx_word' id='word_1_111' title='bbox 1190 1549 1241 1632; x_wconf 92' lang='grc'>(5,</span> <span class='ocrx_word' id='word_1_112' title='bbox 1259 1549 1325 1633; x_wconf 88' lang='lat'>30)</span> <span class='ocrx_word' id='word_1_113' title='bbox 1349 1556 1380 1613; x_wconf 91' lang='lat' dir='ltr'>et</span> <span class='ocrx_word' id='word_1_114' title='bbox 1403 1552 1573 1614; x_wconf 81' lang='lat' dir='ltr'>Artab...</span> <span class='ocrx_word' id='word_1_115' title='bbox 1599 1550 1651 1634; x_wconf 92' lang='grc'>(5,</span> <span class='ocrx_word' id='word_1_116' title='bbox 1668 1552 1714 1625; x_wconf 79' lang='grc'>99,</span> 
     </span>
    </p>
   </div>
   <div class='ocr_carea' id='block_1_3' title="bbox 358 1651 1715 1842">
    <p class='ocr_par' dir='ltr' id='par_1_3' title="bbox 358 1651 1715 1842">
     <span class='ocr_line' id='line_1_13' title="bbox 358 1651 1715 1738; baseline -0.001 -21"><span class='ocrx_word' id='word_1_117' title='bbox 358 1653 415 1717; x_wconf 92' lang='lat' dir='ltr'>uhi</span> <span class='ocrx_word' id='word_1_118' title='bbox 438 1658 521 1715; x_wconf 89' lang='lat' dir='ltr'>certe</span> <span class='ocrx_word' id='word_1_119' title='bbox 548 1673 583 1716; x_wconf 90' lang='lat' dir='ltr'>eo</span> <span class='ocrx_word' id='word_1_120' title='bbox 615 1653 702 1716; x_wconf 89' lang='lat' dir='ltr'>ducit</span> <span class='ocrx_word' id='word_1_121' title='bbox 724 1671 834 1718; x_wconf 74' lang='grc'><strong>151511</strong></span> <span class='ocrx_word' id='word_1_122' title='bbox 860 1651 952 1715; x_wconf 88' lang='grc'><strong>155115</strong></span> <span class='ocrx_word' id='word_1_123' title='bbox 981 1651 1065 1715; x_wconf 88' lang='grc'><strong>55151</strong></span> <span class='ocrx_word' id='word_1_124' title='bbox 1090 1651 1248 1736; x_wconf 87' lang='grc' dir='ltr'><strong>Ρ511511),</strong></span> <span class='ocrx_word' id='word_1_125' title='bbox 1278 1653 1393 1715; x_wconf 85' lang='lat' dir='ltr'>Graece</span> <span class='ocrx_word' id='word_1_126' title='bbox 1423 1659 1471 1716; x_wconf 92' lang='grc'>551</span> <span class='ocrx_word' id='word_1_127' title='bbox 1498 1651 1715 1738; x_wconf 74' lang='grc' dir='ltr'><strong>Ἀρταουάζὸης</strong></span> 
     </span>
     <span class='ocr_line' id='line_1_14' title="bbox 358 1752 1713 1842; baseline -0.001 -23"><span class='ocrx_word' id='word_1_128' title='bbox 358 1756 415 1838; x_wconf 90' lang='lat' dir='ltr'>(ad</span> <span class='ocrx_word' id='word_1_129' title='bbox 438 1756 505 1820; x_wconf 89' lang='lat' dir='ltr'>Lat.</span> <span class='ocrx_word' id='word_1_130' title='bbox 523 1759 553 1832; x_wconf 94' lang='grc'>5,</span> <span class='ocrx_word' id='word_1_131' title='bbox 572 1757 629 1835; x_wconf 89' lang='lat'>30;</span> <span class='ocrx_word' id='word_1_132' title='bbox 654 1757 693 1818; x_wconf 89' lang='lat' dir='ltr'>ef.</span> <span class='ocrx_word' id='word_1_133' title='bbox 722 1753 809 1840; x_wconf 82' lang='lat' dir='ltr'>’Apro</span> <span class='ocrx_word' id='word_1_134' title='bbox 822 1801 830 1818; x_wconf 94' lang='lat'>.</span> <span class='ocrx_word' id='word_1_135' title='bbox 844 1801 852 1817; x_wconf 95' lang='lat'>.</span> <span class='ocrx_word' id='word_1_136' title='bbox 866 1802 874 1817; x_wconf 92' lang='lat'>.</span> <span class='ocrx_word' id='word_1_137' title='bbox 886 1779 924 1838; x_wconf 84' lang='grc' dir='ltr'>ης</span> <span class='ocrx_word' id='word_1_138' title='bbox 947 1753 987 1817; x_wconf 84' lang='lat' dir='ltr'>ad</span> <span class='ocrx_word' id='word_1_139' title='bbox 1002 1755 1070 1819; x_wconf 87' lang='lat' dir='ltr'>Lat.</span> <span class='ocrx_word' id='word_1_140' title='bbox 1088 1757 1118 1830; x_wconf 89' lang='lat'>6,</span> <span class='ocrx_word' id='word_1_141' title='bbox 1138 1756 1171 1838; x_wconf 90' lang='lat'>1)</span> <span class='ocrx_word' id='word_1_142' title='bbox 1194 1761 1227 1819; x_wconf 89' lang='lat' dir='ltr'>et</span> <span class='ocrx_word' id='word_1_143' title='bbox 1252 1752 1433 1842; x_wconf 72' lang='grc' dir='ltr'><strong>Ἀρτάβαζος</strong></span> <span class='ocrx_word' id='word_1_144' title='bbox 1456 1756 1510 1840; x_wconf 89' lang='lat' dir='ltr'>(ad</span> <span class='ocrx_word' id='word_1_145' title='bbox 1535 1757 1606 1820; x_wconf 88' lang='lat' dir='ltr'>Lat.</span> <span class='ocrx_word' id='word_1_146' title='bbox 1624 1760 1654 1833; x_wconf 83' lang='lat'>5,</span> <span class='ocrx_word' id='word_1_147' title='bbox 1667 1758 1713 1820; x_wconf 79' lang='grc'>99.</span> 
     </span>
    </p>
   </div>
   <div class='ocr_carea' id='block_1_4' title="bbox 249 1858 1714 1944">
    <p class='ocr_par' dir='ltr' id='par_1_4' title="bbox 249 1858 1714 1944">
     <span class='ocr_line' id='line_1_15' title="bbox 249 1858 1714 1944; baseline -0.003 -19"><span class='ocrx_word' id='word_1_148' title='bbox 249 1899 252 1906; x_wconf 89' lang='lat'>·</span> <span class='ocrx_word' id='word_1_149' title='bbox 358 1862 486 1944; x_wconf 68' lang='lat'><strong>611),</strong></span> <span class='ocrx_word' id='word_1_150' title='bbox 518 1882 599 1943; x_wconf 89' lang='lat' dir='ltr'>quae</span> <span class='ocrx_word' id='word_1_151' title='bbox 628 1860 775 1923; x_wconf 86' lang='lat' dir='ltr'>vocabuli</span> <span class='ocrx_word' id='word_1_152' title='bbox 805 1860 906 1922; x_wconf 89' lang='lat' dir='ltr'>forma</span> <span class='ocrx_word' id='word_1_153' title='bbox 930 1858 1057 1921; x_wconf 84' lang='lat' dir='ltr'>Graecis</span> <span class='ocrx_word' id='word_1_154' title='bbox 1081 1858 1227 1923; x_wconf 86' lang='lat' dir='ltr'>usitatior</span> <span class='ocrx_word' id='word_1_155' title='bbox 1250 1865 1307 1923; x_wconf 89' lang='lat' dir='ltr'>ast.</span> <span class='ocrx_word' id='word_1_156' title='bbox 1360 1858 1478 1922; x_wconf 87' lang='lat' dir='ltr'>Filium</span> <span class='ocrx_word' id='word_1_157' title='bbox 1508 1859 1714 1923; x_wconf 89' lang='lat' dir='ltr'>Artavazdem</span> 
     </span>
    </p>
   </div>
   <div class='ocr_carea' id='block_1_5' title="bbox 354 1962 1714 3083">
    <p class='ocr_par' dir='ltr' id='par_1_5' title="bbox 354 1962 1714 3083">
     <span class='ocr_line' id='line_1_16' title="bbox 358 1962 1713 2046; baseline -0.001 -18"><span class='ocrx_word' id='word_1_158' title='bbox 358 1964 442 2028; x_wconf 91' lang='lat' dir='ltr'>hunc</span> <span class='ocrx_word' id='word_1_159' title='bbox 471 1965 569 2028; x_wconf 89' lang='lat' dir='ltr'>fuisse</span> <span class='ocrx_word' id='word_1_160' title='bbox 592 1964 674 2045; x_wconf 89' lang='lat' dir='ltr'>regis</span> <span class='ocrx_word' id='word_1_161' title='bbox 699 1962 924 2027; x_wconf 82' lang='lat' dir='ltr'>Ariobarzanis</span> <span class='ocrx_word' id='word_1_162' title='bbox 948 1969 1073 2046; x_wconf 91' lang='lat' dir='ltr'>praeter</span> <span class='ocrx_word' id='word_1_163' title='bbox 1096 1963 1276 2044; x_wconf 89' lang='lat' dir='ltr'>Augustum</span> <span class='ocrx_word' id='word_1_164' title='bbox 1299 1983 1391 2026; x_wconf 90' lang='grc'><strong>55155</strong></span> <span class='ocrx_word' id='word_1_165' title='bbox 1415 1962 1556 2026; x_wconf 85' lang='lat' dir='ltr'>tradidit.</span> <span class='ocrx_word' id='word_1_166' title='bbox 1603 1964 1713 2026; x_wconf 87' lang='lat' dir='ltr'>Rerum</span> 
     </span>
     <span class='ocr_line' id='line_1_17' title="bbox 358 2065 1713 2150; baseline -0.004 -17"><span class='ocrx_word' id='word_1_167' title='bbox 358 2075 461 2133; x_wconf 89' lang='lat' dir='ltr'>autem</span> <span class='ocrx_word' id='word_1_168' title='bbox 487 2069 525 2132; x_wconf 93' lang='lat' dir='ltr'>de</span> <span class='ocrx_word' id='word_1_169' title='bbox 550 2068 666 2150; x_wconf 91' lang='lat' dir='ltr'>quibus</span> <span class='ocrx_word' id='word_1_170' title='bbox 691 2066 802 2130; x_wconf 87' lang='lat' dir='ltr'>scribit</span> <span class='ocrx_word' id='word_1_171' title='bbox 824 2068 989 2148; x_wconf 89' lang='lat' dir='ltr'>Augustus</span> <span class='ocrx_word' id='word_1_172' title='bbox 1012 2075 1048 2130; x_wconf 91' lang='lat' dir='ltr'>ut</span> <span class='ocrx_word' id='word_1_173' title='bbox 1071 2065 1215 2129; x_wconf 89' lang='lat' dir='ltr'>ordinem</span> <span class='ocrx_word' id='word_1_174' title='bbox 1244 2072 1327 2129; x_wconf 89' lang='lat' dir='ltr'>recte</span> <span class='ocrx_word' id='word_1_175' title='bbox 1357 2065 1606 2142; x_wconf 87' lang='lat' dir='ltr'>constituamus,</span> <span class='ocrx_word' id='word_1_176' title='bbox 1637 2065 1713 2147; x_wconf 93' lang='lat' dir='ltr'>quod</span> 
     </span>
     <span class='ocr_line' id='line_1_18' title="bbox 356 2168 1714 2256; baseline -0.004 -20"><span class='ocrx_word' id='word_1_177' title='bbox 356 2173 458 2256; x_wconf 91' lang='lat' dir='ltr'>primo</span> <span class='ocrx_word' id='word_1_178' title='bbox 480 2172 548 2236; x_wconf 93' lang='lat' dir='ltr'>loco</span> <span class='ocrx_word' id='word_1_179' title='bbox 571 2171 735 2255; x_wconf 84' lang='lat' dir='ltr'>posuimus</span> <span class='ocrx_word' id='word_1_180' title='bbox 760 2191 830 2233; x_wconf 88' lang='lat' dir='ltr'>cnm</span> <span class='ocrx_word' id='word_1_181' title='bbox 856 2189 953 2252; x_wconf 91' lang='lat' dir='ltr'>supra</span> <span class='ocrx_word' id='word_1_182' title='bbox 976 2168 1069 2232; x_wconf 91' lang='lat' dir='ltr'>dictis</span> <span class='ocrx_word' id='word_1_183' title='bbox 1093 2168 1186 2232; x_wconf 88' lang='lat' dir='ltr'>facile</span> <span class='ocrx_word' id='word_1_184' title='bbox 1209 2168 1411 2233; x_wconf 85' lang='lat' dir='ltr'>conciliatur:</span> <span class='ocrx_word' id='word_1_185' title='bbox 1435 2169 1577 2252; x_wconf 85' lang='lat' dir='ltr'>confugit</span> <span class='ocrx_word' id='word_1_186' title='bbox 1600 2169 1714 2234; x_wconf 88' lang='lat' dir='ltr'>scilicet</span> 
     </span>
     <span class='ocr_line' id='line_1_19' title="bbox 356 2271 1712 2354; baseline -0.004 -15"><span class='ocrx_word' id='word_1_187' title='bbox 356 2276 550 2340; x_wconf 88' lang='lat' dir='ltr'>Artavasdes</span> <span class='ocrx_word' id='word_1_188' title='bbox 573 2275 684 2340; x_wconf 86' lang='lat' dir='ltr'>Medus</span> <span class='ocrx_word' id='word_1_189' title='bbox 708 2294 772 2336; x_wconf 91' lang='lat' dir='ltr'>una</span> <span class='ocrx_word' id='word_1_190' title='bbox 795 2293 868 2336; x_wconf 92' lang='lat' dir='ltr'>cum</span> <span class='ocrx_word' id='word_1_191' title='bbox 891 2271 1033 2335; x_wconf 85' lang='lat' dir='ltr'>Tiridate</span> <span class='ocrx_word' id='word_1_192' title='bbox 1056 2271 1172 2342; x_wconf 86' lang='lat' dir='ltr'>Partho</span> <span class='ocrx_word' id='word_1_193' title='bbox 1196 2271 1235 2335; x_wconf 89' lang='lat' dir='ltr'>ad</span> <span class='ocrx_word' id='word_1_194' title='bbox 1260 2273 1438 2354; x_wconf 89' lang='lat' dir='ltr'>Augustum</span> <span class='ocrx_word' id='word_1_195' title='bbox 1463 2293 1491 2336; x_wconf 86' lang='lat' dir='ltr'>a.</span> <span class='ocrx_word' id='word_1_196' title='bbox 1505 2274 1581 2336; x_wconf 80' lang='lat'>724.</span> <span class='ocrx_word' id='word_1_197' title='bbox 1627 2272 1712 2336; x_wconf 88' lang='lat' dir='ltr'>Unde</span> 
     </span>
     <span class='ocr_line' id='line_1_20' title="bbox 356 2374 1712 2463; baseline -0.002 -20"><span class='ocrx_word' id='word_1_198' title='bbox 356 2381 453 2443; x_wconf 89' lang='lat' dir='ltr'>etiam</span> <span class='ocrx_word' id='word_1_199' title='bbox 483 2378 671 2463; x_wconf 84' lang='lat' dir='ltr'>explicatur,</span> <span class='ocrx_word' id='word_1_200' title='bbox 702 2396 757 2439; x_wconf 91' lang='lat' dir='ltr'>cur</span> <span class='ocrx_word' id='word_1_201' title='bbox 789 2374 871 2438; x_wconf 90' lang='lat' dir='ltr'>Medi</span> <span class='ocrx_word' id='word_1_202' title='bbox 895 2375 1143 2440; x_wconf 84' lang='lat' dir='ltr'>Ariobarzanem</span> <span class='ocrx_word' id='word_1_203' title='bbox 1171 2375 1273 2439; x_wconf 89' lang='lat' dir='ltr'>filiurn</span> <span class='ocrx_word' id='word_1_204' title='bbox 1301 2376 1487 2441; x_wconf 89' lang='lat' dir='ltr'>Artavasdis</span> <span class='ocrx_word' id='word_1_205' title='bbox 1517 2376 1558 2440; x_wconf 87' lang='lat' dir='ltr'>ad</span> <span class='ocrx_word' id='word_1_206' title='bbox 1586 2397 1712 2460; x_wconf 89' lang='lat' dir='ltr'>regnum</span> 
     </span>
     <span class='ocr_line' id='line_1_21' title="bbox 357 2478 1711 2567; baseline -0.001 -21"><span class='ocrx_word' id='word_1_207' title='bbox 357 2481 585 2567; x_wconf 91' lang='lat' dir='ltr'>capessendum</span> <span class='ocrx_word' id='word_1_208' title='bbox 608 2480 741 2542; x_wconf 85' lang='lat' dir='ltr'>aRoma</span> <span class='ocrx_word' id='word_1_209' title='bbox 765 2497 921 2542; x_wconf 88' lang='lat' dir='ltr'>arcessere</span> <span class='ocrx_word' id='word_1_210' title='bbox 943 2478 1126 2556; x_wconf 83' lang='lat' dir='ltr'>debuerint;</span> <span class='ocrx_word' id='word_1_211' title='bbox 1151 2479 1273 2542; x_wconf 90' lang='lat' dir='ltr'>scilicet</span> <span class='ocrx_word' id='word_1_212' title='bbox 1291 2486 1422 2543; x_wconf 89' lang='lat' dir='ltr'>venerat</span> <span class='ocrx_word' id='word_1_213' title='bbox 1435 2479 1520 2542; x_wconf 83' lang='grc'><strong>15511</strong></span> <span class='ocrx_word' id='word_1_214' title='bbox 1537 2480 1711 2562; x_wconf 90' lang='lat' dir='ltr'>Augustum</span> 
     </span>
     <span class='ocr_line' id='line_1_22' title="bbox 357 2581 1711 2668; baseline 0 -20"><span class='ocrx_word' id='word_1_215' title='bbox 357 2607 428 2648; x_wconf 89' lang='lat' dir='ltr'>curn</span> <span class='ocrx_word' id='word_1_216' title='bbox 451 2590 541 2668; x_wconf 90' lang='lat' dir='ltr'>patre</span> <span class='ocrx_word' id='word_1_217' title='bbox 563 2582 739 2646; x_wconf 80' lang='lat' dir='ltr'>Artavasde</span> <span class='ocrx_word' id='word_1_218' title='bbox 769 2588 801 2645; x_wconf 88' lang='lat' dir='ltr'>et</span> <span class='ocrx_word' id='word_1_219' title='bbox 824 2581 965 2645; x_wconf 90' lang='lat' dir='ltr'>Tiridate</span> <span class='ocrx_word' id='word_1_220' title='bbox 990 2582 1176 2646; x_wconf 89' lang='lat' dir='ltr'>Parthorum</span> <span class='ocrx_word' id='word_1_221' title='bbox 1206 2603 1293 2664; x_wconf 88' lang='lat' dir='ltr'>rege,</span> <span class='ocrx_word' id='word_1_222' title='bbox 1323 2584 1421 2667; x_wconf 92' lang='lat' dir='ltr'>idque</span> <span class='ocrx_word' id='word_1_223' title='bbox 1448 2585 1557 2668; x_wconf 88' lang='lat' dir='ltr'>ipsum</span> <span class='ocrx_word' id='word_1_224' title='bbox 1583 2589 1711 2648; x_wconf 87' lang='lat' dir='ltr'>testatur</span> 
     </span>
     <span class='ocr_line' id='line_1_23' title="bbox 355 2686 1710 2773; baseline -0.003 -21"><span class='ocrx_word' id='word_1_225' title='bbox 355 2689 415 2752; x_wconf 89' lang='lat' dir='ltr'>Dio</span> <span class='ocrx_word' id='word_1_226' title='bbox 439 2689 566 2773; x_wconf 89' lang='grc'><strong>(55,10</strong></span> <span class='ocrx_word' id='word_1_227' title='bbox 590 2709 620 2770; x_wconf 91' lang='lat' dir='ltr'>p.</span> <span class='ocrx_word' id='word_1_228' title='bbox 638 2687 701 2751; x_wconf 88' lang='grc'>365</span> <span class='ocrx_word' id='word_1_229' title='bbox 727 2686 835 2770; x_wconf 84' lang='lat' dir='ltr'>Stura)</span> <span class='ocrx_word' id='word_1_230' title='bbox 860 2687 1111 2752; x_wconf 82' lang='lat' dir='ltr'>Ariobarzanem</span> <span class='ocrx_word' id='word_1_231' title='bbox 1128 2687 1273 2751; x_wconf 83' lang='lat' dir='ltr'>‘Medum</span> <span class='ocrx_word' id='word_1_232' title='bbox 1297 2687 1468 2771; x_wconf 90' lang='lat' dir='ltr'>quendam’</span> <span class='ocrx_word' id='word_1_233' title='bbox 1496 2687 1537 2751; x_wconf 90' lang='lat' dir='ltr'>ad</span> <span class='ocrx_word' id='word_1_234' title='bbox 1559 2689 1710 2752; x_wconf 84' lang='lat' dir='ltr'>Romanos</span> 
     </span>
     <span class='ocr_line' id='line_1_24' title="bbox 356 2789 1707 2875; baseline -0.001 -19"><span class='ocrx_word' id='word_1_235' title='bbox 356 2793 481 2856; x_wconf 91' lang='lat' dir='ltr'>venisse</span> <span class='ocrx_word' id='word_1_236' title='bbox 506 2813 577 2855; x_wconf 92' lang='lat' dir='ltr'>oum</span> <span class='ocrx_word' id='word_1_237' title='bbox 593 2789 742 2854; x_wconf 87' lang='lat' dir='ltr'>Tiridate.</span> <span class='ocrx_word' id='word_1_238' title='bbox 784 2789 914 2866; x_wconf 82' lang='lat' dir='ltr'>Quando</span> <span class='ocrx_word' id='word_1_239' title='bbox 939 2796 1045 2853; x_wconf 91' lang='lat' dir='ltr'>autem</span> <span class='ocrx_word' id='word_1_240' title='bbox 1061 2790 1304 2854; x_wconf 89' lang='lat' dir='ltr'>Ariobarzanem</span> <span class='ocrx_word' id='word_1_241' title='bbox 1329 2811 1435 2873; x_wconf 88' lang='lat' dir='ltr'>regem</span> <span class='ocrx_word' id='word_1_242' title='bbox 1450 2791 1536 2855; x_wconf 91' lang='lat' dir='ltr'>Medi</span> <span class='ocrx_word' id='word_1_243' title='bbox 1557 2791 1707 2875; x_wconf 87' lang='lat' dir='ltr'>petierint,</span> 
     </span>
     <span class='ocr_line' id='line_1_25' title="bbox 356 2893 1709 2979; baseline -0.003 -19"><span class='ocrx_word' id='word_1_244' title='bbox 356 2917 428 2960; x_wconf 90' lang='lat' dir='ltr'>eum</span> <span class='ocrx_word' id='word_1_245' title='bbox 452 2895 490 2958; x_wconf 89' lang='lat' dir='ltr'>de</span> <span class='ocrx_word' id='word_1_246' title='bbox 514 2914 551 2958; x_wconf 93' lang='lat' dir='ltr'>ea</span> <span class='ocrx_word' id='word_1_247' title='bbox 573 2915 606 2957; x_wconf 91' lang='lat' dir='ltr'>re</span> <span class='ocrx_word' id='word_1_248' title='bbox 631 2893 746 2964; x_wconf 86' lang='lat' dir='ltr'>diserte</span> <span class='ocrx_word' id='word_1_249' title='bbox 763 2913 854 2956; x_wconf 89' lang='lat' dir='ltr'>nemo</span> <span class='ocrx_word' id='word_1_250' title='bbox 871 2899 1035 2979; x_wconf 89' lang='lat' dir='ltr'>praeterea</span> <span class='ocrx_word' id='word_1_251' title='bbox 1050 2893 1224 2976; x_wconf 89' lang='lat' dir='ltr'>quidquam</span> <span class='ocrx_word' id='word_1_252' title='bbox 1241 2893 1415 2971; x_wconf 89' lang='lat' dir='ltr'>tradiderit,</span> <span class='ocrx_word' id='word_1_253' title='bbox 1439 2894 1617 2977; x_wconf 71' lang='lat' dir='ltr'>ignoratur,</span> <span class='ocrx_word' id='word_1_254' title='bbox 1639 2900 1709 2978; x_wconf 91' lang='lat' dir='ltr'>pnto</span> 
     </span>
     <span class='ocr_line' id='line_1_26' title="bbox 354 2998 1709 3083; baseline -0.004 -19"><span class='ocrx_word' id='word_1_255' title='bbox 354 3007 461 3064; x_wconf 90' lang='lat' dir='ltr'>tamen</span> <span class='ocrx_word' id='word_1_256' title='bbox 486 3005 539 3063; x_wconf 90' lang='lat' dir='ltr'>aut</span> <span class='ocrx_word' id='word_1_257' title='bbox 560 2998 630 3082; x_wconf 89' lang='lat' dir='ltr'>ipso</span> <span class='ocrx_word' id='word_1_258' title='bbox 652 2998 708 3061; x_wconf 93' lang='lat' dir='ltr'>illo</span> <span class='ocrx_word' id='word_1_259' title='bbox 732 2999 823 3079; x_wconf 85' lang='lat' dir='ltr'>fugae</span> <span class='ocrx_word' id='word_1_260' title='bbox 855 2998 894 3061; x_wconf 92' lang='lat' dir='ltr'>ad</span> <span class='ocrx_word' id='word_1_261' title='bbox 918 3001 1099 3079; x_wconf 91' lang='lat' dir='ltr'>Augustum</span> <span class='ocrx_word' id='word_1_262' title='bbox 1123 3004 1262 3081; x_wconf 91' lang='lat' dir='ltr'>ternpore</span> <span class='ocrx_word' id='word_1_263' title='bbox 1292 3006 1347 3063; x_wconf 92' lang='lat' dir='ltr'>aut</span> <span class='ocrx_word' id='word_1_264' title='bbox 1375 2998 1484 3082; x_wconf 89' lang='lat' dir='ltr'>paullo</span> <span class='ocrx_word' id='word_1_265' title='bbox 1508 3006 1591 3083; x_wconf 93' lang='lat' dir='ltr'>post.</span> <span class='ocrx_word' id='word_1_266' title='bbox 1633 2998 1709 3061; x_wconf 89' lang='lat' dir='ltr'>Nam</span> 
     </span>
    </p>
   </div>
   <div class='ocr_carea' id='block_1_6' title="bbox 354 3205 1710 3809">
    <p class='ocr_par' dir='ltr' id='par_1_6' title="bbox 354 3205 1710 3809">
     <span class='ocr_line' id='line_1_27' title="bbox 354 3205 1709 3290; baseline -0.001 -21"><span class='ocrx_word' id='word_1_267' title='bbox 354 3228 448 3288; x_wconf 87' lang='lat' dir='ltr'>regno</span> <span class='ocrx_word' id='word_1_268' title='bbox 472 3213 590 3270; x_wconf 88' lang='lat' dir='ltr'>certare</span> <span class='ocrx_word' id='word_1_269' title='bbox 613 3213 757 3290; x_wconf 90' lang='lat' dir='ltr'>pergeret</span> <span class='ocrx_word' id='word_1_270' title='bbox 780 3206 832 3289; x_wconf 93' lang='lat' dir='ltr'>(p.</span> <span class='ocrx_word' id='word_1_271' title='bbox 848 3205 921 3288; x_wconf 88' lang='grc'><strong>91),</strong></span> <span class='ocrx_word' id='word_1_272' title='bbox 954 3210 1199 3268; x_wconf 89' lang='lat' dir='ltr'>consentaneum</span> <span class='ocrx_word' id='word_1_273' title='bbox 1227 3212 1276 3270; x_wconf 92' lang='lat' dir='ltr'>est</span> <span class='ocrx_word' id='word_1_274' title='bbox 1297 3206 1408 3270; x_wconf 91' lang='lat' dir='ltr'>eodem</span> <span class='ocrx_word' id='word_1_275' title='bbox 1429 3212 1572 3290; x_wconf 90' lang='lat' dir='ltr'>tempore</span> <span class='ocrx_word' id='word_1_276' title='bbox 1594 3205 1709 3270; x_wconf 89' lang='lat' dir='ltr'>Mediae</span> 
     </span>
     <span class='ocr_line' id='line_1_28' title="bbox 355 3308 1709 3390; baseline -0.001 -17"><span class='ocrx_word' id='word_1_277' title='bbox 355 3310 497 3385; x_wconf 90' lang='lat' dir='ltr'>domino,</span> <span class='ocrx_word' id='word_1_278' title='bbox 529 3309 596 3373; x_wconf 85' lang='lat' dir='ltr'>sive</span> <span class='ocrx_word' id='word_1_279' title='bbox 620 3310 767 3373; x_wconf 87' lang='lat' dir='ltr'>Artaxias</span> <span class='ocrx_word' id='word_1_280' title='bbox 791 3308 962 3390; x_wconf 83' lang='lat' dir='ltr'>Armenius</span> <span class='ocrx_word' id='word_1_281' title='bbox 991 3309 1020 3372; x_wconf 92' lang='lat' dir='ltr'>is</span> <span class='ocrx_word' id='word_1_282' title='bbox 1042 3316 1112 3373; x_wconf 89' lang='lat' dir='ltr'>tum</span> <span class='ocrx_word' id='word_1_283' title='bbox 1134 3309 1195 3372; x_wconf 89' lang='lat' dir='ltr'>fuit</span> <span class='ocrx_word' id='word_1_284' title='bbox 1217 3309 1285 3373; x_wconf 91' lang='lat' dir='ltr'>sive</span> <span class='ocrx_word' id='word_1_285' title='bbox 1311 3309 1463 3374; x_wconf 86' lang='lat' dir='ltr'>Phraates</span> <span class='ocrx_word' id='word_1_286' title='bbox 1490 3309 1627 3375; x_wconf 90' lang='lat' dir='ltr'>Parthus</span> <span class='ocrx_word' id='word_1_287' title='bbox 1648 3310 1709 3373; x_wconf 84' lang='lat' dir='ltr'>sive</span> 
     </span>
     <span class='ocr_line' id='line_1_29' title="bbox 358 3411 1709 3497; baseline -0.001 -21"><span class='ocrx_word' id='word_1_288' title='bbox 358 3413 440 3477; x_wconf 90' lang='lat' dir='ltr'>alius</span> <span class='ocrx_word' id='word_1_289' title='bbox 464 3413 570 3476; x_wconf 88' lang='lat' dir='ltr'>nescio</span> <span class='ocrx_word' id='word_1_290' title='bbox 595 3413 650 3496; x_wconf 91' lang='lat' dir='ltr'>qui</span> <span class='ocrx_word' id='word_1_291' title='bbox 673 3412 818 3476; x_wconf 88' lang='lat' dir='ltr'>fectionis</span> <span class='ocrx_word' id='word_1_292' title='bbox 842 3413 991 3476; x_wconf 87' lang='lat' dir='ltr'>Romanis</span> <span class='ocrx_word' id='word_1_293' title='bbox 1015 3412 1182 3489; x_wconf 88' lang='lat' dir='ltr'>adversae,</span> <span class='ocrx_word' id='word_1_294' title='bbox 1213 3411 1393 3497; x_wconf 91' lang='lat' dir='ltr'>oppositum</span> <span class='ocrx_word' id='word_1_295' title='bbox 1416 3433 1485 3476; x_wconf 90' lang='lat' dir='ltr'>esse</span> <span class='ocrx_word' id='word_1_296' title='bbox 1508 3413 1647 3496; x_wconf 89' lang='lat' dir='ltr'>aliquem</span> <span class='ocrx_word' id='word_1_297' title='bbox 1665 3433 1709 3476; x_wconf 92' lang='lat' dir='ltr'>re-</span> 
     </span>
     <span class='ocr_line' id='line_1_30' title="bbox 355 3514 1708 3601; baseline -0.001 -21"><span class='ocrx_word' id='word_1_298' title='bbox 355 3537 425 3600; x_wconf 89' lang='lat' dir='ltr'>gern</span> <span class='ocrx_word' id='word_1_299' title='bbox 442 3516 585 3580; x_wconf 87' lang='grc'><strong>05555115</strong></span> <span class='ocrx_word' id='word_1_300' title='bbox 609 3514 765 3592; x_wconf 86' lang='lat' dir='ltr'>clientem,</span> <span class='ocrx_word' id='word_1_301' title='bbox 788 3516 822 3581; x_wconf 90' lang='lat' dir='ltr'>id</span> <span class='ocrx_word' id='word_1_302' title='bbox 847 3523 895 3580; x_wconf 90' lang='lat' dir='ltr'>est</span> <span class='ocrx_word' id='word_1_303' title='bbox 918 3516 1093 3601; x_wconf 85' lang='lat' dir='ltr'>expetitum</span> <span class='ocrx_word' id='word_1_304' title='bbox 1116 3537 1185 3580; x_wconf 91' lang='lat' dir='ltr'>esse</span> <span class='ocrx_word' id='word_1_305' title='bbox 1200 3516 1437 3580; x_wconf 87' lang='lat' dir='ltr'>Ariobarzanen</span> <span class='ocrx_word' id='word_1_306' title='bbox 1459 3537 1479 3579; x_wconf 92' lang='lat' dir='ltr'>a</span> <span class='ocrx_word' id='word_1_307' title='bbox 1501 3515 1625 3581; x_wconf 84' lang='lat' dir='ltr'>civibus</span> <span class='ocrx_word' id='word_1_308' title='bbox 1647 3516 1708 3580; x_wconf 91' lang='lat' dir='ltr'>suis</span> 
     </span>
     <span class='ocr_line' id='line_1_31' title="bbox 355 3618 1708 3705; baseline -0.001 -21"><span class='ocrx_word' id='word_1_309' title='bbox 355 3621 404 3698; x_wconf 88' lang='lat' dir='ltr'>iis,</span> <span class='ocrx_word' id='word_1_310' title='bbox 430 3621 487 3704; x_wconf 93' lang='lat' dir='ltr'>qui</span> <span class='ocrx_word' id='word_1_311' title='bbox 512 3626 615 3705; x_wconf 88' lang='lat' dir='ltr'>partes</span> <span class='ocrx_word' id='word_1_312' title='bbox 631 3619 789 3682; x_wconf 86' lang='lat' dir='ltr'>Romanas</span> <span class='ocrx_word' id='word_1_313' title='bbox 813 3625 1029 3701; x_wconf 92' lang='lat' dir='ltr'>sequerentur.</span> <span class='ocrx_word' id='word_1_314' title='bbox 1068 3618 1186 3683; x_wconf 89' lang='lat' dir='ltr'>Filium</span> <span class='ocrx_word' id='word_1_315' title='bbox 1209 3624 1314 3682; x_wconf 89' lang='lat' dir='ltr'>autem</span> <span class='ocrx_word' id='word_1_316' title='bbox 1335 3625 1372 3682; x_wconf 90' lang='lat' dir='ltr'>ut</span> <span class='ocrx_word' id='word_1_317' title='bbox 1386 3623 1530 3703; x_wconf 89' lang='lat' dir='ltr'>peterent</span> <span class='ocrx_word' id='word_1_318' title='bbox 1544 3641 1600 3704; x_wconf 92' lang='lat' dir='ltr'>pro</span> <span class='ocrx_word' id='word_1_319' title='bbox 1615 3627 1708 3705; x_wconf 89' lang='lat' dir='ltr'>patre,</span> 
     </span>
     <span class='ocr_line' id='line_1_32' title="bbox 357 3723 1710 3809; baseline -0.003 -21"><span class='ocrx_word' id='word_1_320' title='bbox 357 3725 476 3790; x_wconf 90' lang='lat' dir='ltr'>multae</span> <span class='ocrx_word' id='word_1_321' title='bbox 501 3745 613 3789; x_wconf 90' lang='lat' dir='ltr'>causae</span> <span class='ocrx_word' id='word_1_322' title='bbox 639 3723 761 3786; x_wconf 85' lang='grc'><strong>51115515</strong></span> <span class='ocrx_word' id='word_1_323' title='bbox 782 3728 966 3805; x_wconf 89' lang='lat' dir='ltr'>potuerunt:</span> <span class='ocrx_word' id='word_1_324' title='bbox 990 3729 1079 3806; x_wconf 89' lang='lat' dir='ltr'>pater</span> <span class='ocrx_word' id='word_1_325' title='bbox 1094 3723 1198 3807; x_wconf 91' lang='lat' dir='ltr'>potuit</span> <span class='ocrx_word' id='word_1_326' title='bbox 1214 3730 1433 3807; x_wconf 88' lang='lat' dir='ltr'>praemortuus</span> <span class='ocrx_word' id='word_1_327' title='bbox 1450 3742 1519 3785; x_wconf 90' lang='lat' dir='ltr'>esse</span> <span class='ocrx_word' id='word_1_328' title='bbox 1535 3732 1591 3788; x_wconf 88' lang='lat' dir='ltr'>aut</span> <span class='ocrx_word' id='word_1_329' title='bbox 1604 3743 1710 3809; x_wconf 90' lang='lat' dir='ltr'>parurn</span> 
     </span>
    </p>
   </div>
   <div class='ocr_carea' id='block_1_7' title="bbox 355 3823 1709 4326">
    <p class='ocr_par' dir='ltr' id='par_1_7' title="bbox 355 3823 1709 4326">
     <span class='ocr_line' id='line_1_33' title="bbox 359 3823 1709 3910; baseline -0.001 -19"><span class='ocrx_word' id='word_1_330' title='bbox 359 3828 485 3892; x_wconf 89' lang='lat' dir='ltr'>validus</span> <span class='ocrx_word' id='word_1_331' title='bbox 509 3835 564 3892; x_wconf 90' lang='lat' dir='ltr'>aut</span> <span class='ocrx_word' id='word_1_332' title='bbox 587 3826 654 3891; x_wconf 91' lang='lat' dir='ltr'>suis</span> <span class='ocrx_word' id='word_1_333' title='bbox 679 3825 845 3890; x_wconf 78' lang='lat' dir='ltr'>Caesarine</span> <span class='ocrx_word' id='word_1_334' title='bbox 869 3823 1038 3910; x_wconf 80' lang='lat' dir='ltr'>exosus*).</span> <span class='ocrx_word' id='word_1_335' title='bbox 1092 3825 1212 3891; x_wconf 88' lang='lat' dir='ltr'>Firmat</span> <span class='ocrx_word' id='word_1_336' title='bbox 1234 3827 1460 3902; x_wconf 91' lang='lat' dir='ltr'>coniecturam,</span> <span class='ocrx_word' id='word_1_337' title='bbox 1491 3847 1589 3908; x_wconf 90' lang='lat' dir='ltr'>quam</span> <span class='ocrx_word' id='word_1_338' title='bbox 1609 3846 1709 3891; x_wconf 89' lang='lat' dir='ltr'>rerum</span> 
     </span>
     <span class='ocr_line' id='line_1_34' title="bbox 355 3928 1708 4013; baseline -0.001 -19"><span class='ocrx_word' id='word_1_339' title='bbox 355 3931 494 3994; x_wconf 87' lang='lat' dir='ltr'>Orientis</span> <span class='ocrx_word' id='word_1_340' title='bbox 519 3936 620 3994; x_wconf 90' lang='lat' dir='ltr'>status</span> <span class='ocrx_word' id='word_1_341' title='bbox 644 3929 811 3992; x_wconf 87' lang='lat' dir='ltr'>universus</span> <span class='ocrx_word' id='word_1_342' title='bbox 835 3928 983 4009; x_wconf 84' lang='lat' dir='ltr'>suggerit,</span> <span class='ocrx_word' id='word_1_343' title='bbox 1006 3929 1186 3992; x_wconf 88' lang='lat' dir='ltr'>testimonio</span> <span class='ocrx_word' id='word_1_344' title='bbox 1209 3933 1286 3993; x_wconf 89' lang='lat' dir='ltr'>satis</span> <span class='ocrx_word' id='word_1_345' title='bbox 1306 3949 1454 4013; x_wconf 86' lang='lat' dir='ltr'>expresso</span> <span class='ocrx_word' id='word_1_346' title='bbox 1474 3929 1633 4007; x_wconf 91' lang='lat' dir='ltr'>Horatius,</span> <span class='ocrx_word' id='word_1_347' title='bbox 1654 3929 1708 4012; x_wconf 89' lang='lat' dir='ltr'>qni</span> 
     </span>
     <span class='ocr_line' id='line_1_35' title="bbox 355 4031 1706 4117; baseline -0.003 -19"><span class='ocrx_word' id='word_1_348' title='bbox 355 4036 401 4098; x_wconf 91' lang='lat' dir='ltr'>sio</span> <span class='ocrx_word' id='word_1_349' title='bbox 424 4033 520 4097; x_wconf 92' lang='lat' dir='ltr'>habet</span> <span class='ocrx_word' id='word_1_350' title='bbox 542 4034 575 4096; x_wconf 95' lang='lat' dir='ltr'>in</span> <span class='ocrx_word' id='word_1_351' title='bbox 599 4033 737 4097; x_wconf 90' lang='lat' dir='ltr'>carmine</span> <span class='ocrx_word' id='word_1_352' title='bbox 761 4033 828 4110; x_wconf 87' lang='lat'>3,8</span> <span class='ocrx_word' id='word_1_353' title='bbox 854 4033 971 4117; x_wconf 90' lang='lat' dir='ltr'>scripto</span> <span class='ocrx_word' id='word_1_354' title='bbox 986 4032 1186 4096; x_wconf 86' lang='lat' dir='ltr'>Lachmanno</span> <span class='ocrx_word' id='word_1_355' title='bbox 1209 4033 1313 4096; x_wconf 91' lang='lat' dir='ltr'>iudice</span> <span class='ocrx_word' id='word_1_356' title='bbox 1337 4032 1438 4117; x_wconf 89' lang='lat' dir='ltr'>(apud</span> <span class='ocrx_word' id='word_1_357' title='bbox 1453 4031 1624 4098; x_wconf 84' lang='lat' dir='ltr'>Trankium</span> <span class='ocrx_word' id='word_1_358' title='bbox 1638 4035 1706 4097; x_wconf 87' lang='lat' dir='ltr'>fast.</span> 
     </span>
     <span class='ocr_line' id='line_1_36' title="bbox 355 4137 1707 4221; baseline 0.001 -21"><span class='ocrx_word' id='word_1_359' title='bbox 355 4138 427 4202; x_wconf 91' lang='grc' dir='ltr'><strong>Η51.</strong></span> <span class='ocrx_word' id='word_1_360' title='bbox 452 4159 483 4221; x_wconf 92' lang='lat' dir='ltr'>p.</span> <span class='ocrx_word' id='word_1_361' title='bbox 498 4137 580 4220; x_wconf 82' lang='lat'>240)</span> <span class='ocrx_word' id='word_1_362' title='bbox 604 4139 726 4200; x_wconf 73' lang='grc'><strong>57251</strong></span> <span class='ocrx_word' id='word_1_363' title='bbox 755 4139 863 4200; x_wconf 85' lang='lat' dir='ltr'>Medas</span> <span class='ocrx_word' id='word_1_364' title='bbox 887 4140 1023 4218; x_wconf 77' lang='lat' dir='ltr'>infestas</span> <span class='ocrx_word' id='word_1_365' title='bbox 1046 4139 1111 4200; x_wconf 86' lang='lat' dir='ltr'>sibi</span> <span class='ocrx_word' id='word_1_366' title='bbox 1135 4139 1295 4201; x_wconf 79' lang='lat' dir='ltr'>lactasses</span> <span class='ocrx_word' id='word_1_367' title='bbox 1319 4140 1454 4202; x_wconf 86' lang='lat' dir='ltr'>dissidet</span> <span class='ocrx_word' id='word_1_368' title='bbox 1476 4142 1586 4204; x_wconf 74' lang='lat' dir='ltr'>armis</span> <span class='ocrx_word' id='word_1_369' title='bbox 1631 4138 1707 4201; x_wconf 90' lang='lat' dir='ltr'>Nam</span> 
     </span>
     <span class='ocr_line' id='line_1_37' title="bbox 355 4237 1706 4326; baseline 0 -24"><span class='ocrx_word' id='word_1_370' title='bbox 355 4259 409 4303; x_wconf 91' lang='lat' dir='ltr'>cur</span> <span class='ocrx_word' id='word_1_371' title='bbox 436 4240 563 4324; x_wconf 89' lang='lat' dir='ltr'>propria</span> <span class='ocrx_word' id='word_1_372' title='bbox 597 4239 743 4303; x_wconf 87' lang='lat' dir='ltr'>vocabuli</span> <span class='ocrx_word' id='word_1_373' title='bbox 771 4239 999 4321; x_wconf 89' lang='lat' dir='ltr'>significatione</span> <span class='ocrx_word' id='word_1_374' title='bbox 1034 4237 1162 4301; x_wconf 85' lang='lat' dir='ltr'>exclusa</span> <span class='ocrx_word' id='word_1_375' title='bbox 1188 4237 1299 4304; x_wconf 90' lang='lat' dir='ltr'>Medus</span> <span class='ocrx_word' id='word_1_376' title='bbox 1329 4241 1502 4326; x_wconf 87' lang='lat' dir='ltr'>accipiatur</span> <span class='ocrx_word' id='word_1_377' title='bbox 1529 4242 1570 4305; x_wconf 91' lang='lat' dir='ltr'>de</span> <span class='ocrx_word' id='word_1_378' title='bbox 1596 4241 1706 4306; x_wconf 88' lang='lat' dir='ltr'>Partho</span> 
     </span>
    </p>
   </div>
   <div class='ocr_carea' id='block_1_8' title="bbox 353 4437 1704 4852">
    <p class='ocr_par' dir='ltr' id='par_1_8' title="bbox 353 4437 1704 4852">
     <span class='ocr_line' id='line_1_38' title="bbox 418 4437 1704 4510; baseline 0 -19"><span class='ocrx_word' id='word_1_379' title='bbox 418 4437 447 4498; x_wconf 78' lang='lat' dir='ltr'>*l</span> <span class='ocrx_word' id='word_1_380' title='bbox 467 4440 516 4492; x_wconf 91' lang='lat' dir='ltr'>Dio</span> <span class='ocrx_word' id='word_1_381' title='bbox 535 4440 568 4491; x_wconf 88' lang='lat' dir='ltr'>ad</span> <span class='ocrx_word' id='word_1_382' title='bbox 587 4455 609 4490; x_wconf 91' lang='lat' dir='ltr'>a.</span> <span class='ocrx_word' id='word_1_383' title='bbox 621 4439 673 4492; x_wconf 81' lang='lat'>734</span> <span class='ocrx_word' id='word_1_384' title='bbox 686 4438 738 4504; x_wconf 87' lang='grc'><strong>(54,</strong></span> <span class='ocrx_word' id='word_1_385' title='bbox 753 4441 778 4501; x_wconf 89' lang='grc'>9)</span> <span class='ocrx_word' id='word_1_386' title='bbox 792 4439 871 4493; x_wconf 86' lang='grc'><strong>151511</strong></span> <span class='ocrx_word' id='word_1_387' title='bbox 883 4439 1032 4509; x_wconf 89' lang='lat' dir='ltr'>Augustum</span> <span class='ocrx_word' id='word_1_388' title='bbox 1043 4441 1171 4495; x_wconf 85' lang='lat' dir='ltr'>Archelao</span> <span class='ocrx_word' id='word_1_389' title='bbox 1185 4441 1365 4510; x_wconf 81' lang='lat' dir='ltr'>Cappadociae</span> <span class='ocrx_word' id='word_1_390' title='bbox 1376 4444 1433 4509; x_wconf 87' lang='lat' dir='ltr'>regi</span> <span class='ocrx_word' id='word_1_391' title='bbox 1446 4443 1551 4495; x_wconf 88' lang='lat' dir='ltr'>dedisse</span> <span class='ocrx_word' id='word_1_392' title='bbox 1564 4441 1704 4494; x_wconf 85' lang='lat' dir='ltr'>Armeniam</span> 
     </span>
     <span class='ocr_line' id='line_1_39' title="bbox 354 4521 1704 4598; baseline -0.002 -20"><span class='ocrx_word' id='word_1_393' title='bbox 354 4527 493 4590; x_wconf 90' lang='lat' dir='ltr'>minorem,</span> <span class='ocrx_word' id='word_1_394' title='bbox 518 4524 555 4577; x_wconf 80' lang='lat' dir='ltr'>da</span> <span class='ocrx_word' id='word_1_395' title='bbox 578 4524 591 4576; x_wconf 83' lang='lat' dir='ltr'>b</span> <span class='ocrx_word' id='word_1_396' title='bbox 609 4521 698 4594; x_wconf 79' lang='grc' dir='ltr'>Μῆδος</span> <span class='ocrx_word' id='word_1_397' title='bbox 717 4525 730 4578; x_wconf 83' lang='grc'>5</span> <span class='ocrx_word' id='word_1_398' title='bbox 748 4525 803 4598; x_wconf 83' lang='grc' dir='ltr'>πρὶν</span> <span class='ocrx_word' id='word_1_399' title='bbox 823 4526 900 4596; x_wconf 69' lang='grc' dir='ltr'><strong>αὐτῆς</strong></span> <span class='ocrx_word' id='word_1_400' title='bbox 919 4525 1057 4596; x_wconf 77' lang='grc' dir='ltr'>βασιλεύων</span> <span class='ocrx_word' id='word_1_401' title='bbox 1081 4524 1215 4597; x_wconf 70' lang='grc' dir='ltr'>ἐτεθνήκει.</span> <span class='ocrx_word' id='word_1_402' title='bbox 1256 4528 1298 4580; x_wconf 88' lang='lat' dir='ltr'>Ad</span> <span class='ocrx_word' id='word_1_403' title='bbox 1319 4527 1521 4581; x_wconf 87' lang='lat' dir='ltr'>Ariobarzanem</span> <span class='ocrx_word' id='word_1_404' title='bbox 1544 4527 1704 4580; x_wconf 84' lang='grc'><strong>1111551555</strong></span> 
     </span>
     <span class='ocr_line' id='line_1_40' title="bbox 355 4613 1704 4684; baseline -0.002 -22"><span class='ocrx_word' id='word_1_405' title='bbox 355 4613 485 4678; x_wconf 89' lang='lat' dir='ltr'>pertinere</span> <span class='ocrx_word' id='word_1_406' title='bbox 504 4627 556 4664; x_wconf 94' lang='grc'>555</span> <span class='ocrx_word' id='word_1_407' title='bbox 574 4617 697 4680; x_wconf 89' lang='lat' dir='ltr'>possunt,</span> <span class='ocrx_word' id='word_1_408' title='bbox 722 4617 834 4680; x_wconf 89' lang='lat' dir='ltr'>possunt</span> <span class='ocrx_word' id='word_1_409' title='bbox 852 4616 885 4666; x_wconf 87' lang='lat' dir='ltr'>ad</span> <span class='ocrx_word' id='word_1_410' title='bbox 902 4619 1002 4682; x_wconf 90' lang='lat' dir='ltr'>patrem</span> <span class='ocrx_word' id='word_1_411' title='bbox 1022 4613 1203 4677; x_wconf 88' lang='lat' dir='ltr'>Artavasdem‚</span> <span class='ocrx_word' id='word_1_412' title='bbox 1227 4615 1270 4666; x_wconf 88' lang='grc'><strong>5111</strong></span> <span class='ocrx_word' id='word_1_413' title='bbox 1287 4630 1334 4681; x_wconf 90' lang='lat' dir='ltr'>pro</span> <span class='ocrx_word' id='word_1_414' title='bbox 1352 4616 1452 4668; x_wconf 87' lang='lat' dir='ltr'>Mediae</span> <span class='ocrx_word' id='word_1_415' title='bbox 1470 4631 1554 4684; x_wconf 86' lang='lat' dir='ltr'>regno</span> <span class='ocrx_word' id='word_1_416' title='bbox 1573 4615 1704 4667; x_wconf 83' lang='lat' dir='ltr'>Gaesarem</span> 
     </span>
     <span class='ocr_line' id='line_1_41' title="bbox 354 4697 1703 4764; baseline 0.001 -15"><span class='ocrx_word' id='word_1_417' title='bbox 354 4697 507 4750; x_wconf 88' lang='lat' dir='ltr'>crediderim</span> <span class='ocrx_word' id='word_1_418' title='bbox 531 4699 634 4750; x_wconf 89' lang='lat' dir='ltr'>interim</span> <span class='ocrx_word' id='word_1_419' title='bbox 655 4700 818 4753; x_wconf 89' lang='lat' dir='ltr'>concessisse</span> <span class='ocrx_word' id='word_1_420' title='bbox 838 4701 988 4752; x_wconf 87' lang='lat' dir='ltr'>Armeniam</span> <span class='ocrx_word' id='word_1_421' title='bbox 1006 4700 1143 4761; x_wconf 91' lang='lat' dir='ltr'>minorem,</span> <span class='ocrx_word' id='word_1_422' title='bbox 1163 4702 1192 4750; x_wconf 91' lang='lat' dir='ltr'>ut</span> <span class='ocrx_word' id='word_1_423' title='bbox 1210 4701 1330 4752; x_wconf 90' lang='lat' dir='ltr'>similiter</span> <span class='ocrx_word' id='word_1_424' title='bbox 1348 4703 1485 4754; x_wconf 89' lang='lat' dir='ltr'>Armeniae</span> <span class='ocrx_word' id='word_1_425' title='bbox 1504 4702 1611 4754; x_wconf 87' lang='lat' dir='ltr'>maioris</span> <span class='ocrx_word' id='word_1_426' title='bbox 1627 4710 1703 4764; x_wconf 87' lang='lat' dir='ltr'>regno</span> 
     </span>
     <span class='ocr_line' id='line_1_42' title="bbox 353 4781 1197 4852; baseline 0.001 -18"><span class='ocrx_word' id='word_1_427' title='bbox 353 4785 463 4836; x_wconf 86' lang='lat' dir='ltr'>instaret</span> <span class='ocrx_word' id='word_1_428' title='bbox 481 4799 511 4836; x_wconf 89' lang='lat' dir='ltr'>ae</span> <span class='ocrx_word' id='word_1_429' title='bbox 529 4785 681 4837; x_wconf 86' lang='lat' dir='ltr'>Parthorum</span> <span class='ocrx_word' id='word_1_430' title='bbox 699 4801 780 4852; x_wconf 86' lang='lat' dir='ltr'>regno</span> <span class='ocrx_word' id='word_1_431' title='bbox 800 4785 929 4837; x_wconf 83' lang='lat' dir='ltr'>Tiridates</span> <span class='ocrx_word' id='word_1_432' title='bbox 948 4784 976 4832; x_wconf 94' lang='lat' dir='ltr'>in</span> <span class='ocrx_word' id='word_1_433' title='bbox 995 4781 1072 4848; x_wconf 82' lang='lat' dir='ltr'>Syria</span> <span class='ocrx_word' id='word_1_434' title='bbox 1089 4783 1197 4848; x_wconf 87' lang='lat' dir='ltr'>degens.</span> 
     </span>
    </p>
   </div>
   <div class='ocr_carea' id='block_1_9' title="bbox 358 3101 1780 3941">
    <p class='ocr_par' dir='ltr' id='par_1_9' title="bbox 358 3032 1780 3941">
     <span class='ocr_line' id='line_1_43' title="bbox 358 3101 1710 3185; baseline -0.002 -18"><span class='ocrx_word' id='word_1_435' title='bbox 358 3125 430 3168; x_wconf 91' lang='lat' dir='ltr'>oum</span> <span class='ocrx_word' id='word_1_436' title='bbox 454 3102 616 3166; x_wconf 90' lang='lat' dir='ltr'>Tiridaten</span> <span class='ocrx_word' id='word_1_437' title='bbox 639 3102 673 3165; x_wconf 91' lang='grc'>15</span> <span class='ocrx_word' id='word_1_438' title='bbox 698 3101 790 3185; x_wconf 83' lang='lat' dir='ltr'>Syria</span> <span class='ocrx_word' id='word_1_439' title='bbox 811 3108 881 3166; x_wconf 90' lang='lat' dir='ltr'>tum</span> <span class='ocrx_word' id='word_1_440' title='bbox 904 3101 1066 3165; x_wconf 86' lang='lat' dir='ltr'>collocarit</span> <span class='ocrx_word' id='word_1_441' title='bbox 1089 3101 1219 3179; x_wconf 87' lang='grc'><strong>055551,</strong></span> <span class='ocrx_word' id='word_1_442' title='bbox 1249 3108 1287 3165; x_wconf 89' lang='grc'>51</span> <span class='ocrx_word' id='word_1_443' title='bbox 1314 3102 1389 3166; x_wconf 83' lang='grc'><strong>15115</strong></span> <span class='ocrx_word' id='word_1_444' title='bbox 1419 3124 1490 3166; x_wconf 87' lang='grc'><strong>5551</strong></span> <span class='ocrx_word' id='word_1_445' title='bbox 1514 3103 1646 3167; x_wconf 86' lang='lat' dir='ltr'>Phraate</span> <span class='ocrx_word' id='word_1_446' title='bbox 1672 3101 1710 3165; x_wconf 93' lang='lat' dir='ltr'>de</span> 
     </span>
     <span class='ocr_line' id='line_1_44' title="bbox 1778 3886 1780 3941; baseline 0 0"><span class='ocrx_word' id='word_1_447' title='bbox 1778 3886 1780 3941; x_wconf 97' lang='grc' dir='ltr'>Ι</span> 
     </span>
    </p>
   </div>
   <div class='ocr_carea' id='block_1_10' title="bbox 0 0 1872 5517">
    <p class='ocr_par' dir='ltr' id='par_1_10' title="bbox 0 0 1872 5517">
     <span class='ocr_line' id='line_1_45' title="bbox 0 0 1872 5517; baseline 0 2"><span class='ocrx_word' id='word_1_448' title='bbox 0 0 1872 5517; x_wconf 95' lang='lat' dir='ltr'> </span> 
     </span>
    </p>
   </div>
  </div>
 </body>
</html>
