3734 5517
315 275 370 325 XX

295 448 510 529 tegerentur,
543 445 663 509 domiui
690 445 751 509 loci
781 464 842 509 non
872 444 1099 530 permiserunt3
1131 451 1279 529 ectypum
1305 445 1374 509 fieri
1396 446 1539 530 passeis
1562 446 1615 510 cui
1638 468 1676 511 ea

315 573 365 615 res
390 550 540 614 mandata
562 557 629 613 erat
644 548 781 632 negavit,
806 556 953 613 causatus
969 549 1015 613 ita
1035 549 1272 633 inscriptionem
1292 549 1396 633 ipsam
1419 549 1676 634 pessumdatum

314 654 366 719 iri.
399 654 488 718 Misit
510 654 596 717 idem
612 654 696 738 quod
713 659 878 737 exceperat
894 652 1097 737 exemplum,
1108 673 1170 736 quo
1187 673 1380 737 quamquam
1396 653 1574 737 complures
1589 652 1676 716 locos

318 765 402 821 recte
425 778 464 821 ex
486 758 592 843 lapide
616 756 811 832 emendavit,
842 764 949 821 tamen
972 752 1073 821 totarri
1094 779 1161 821 rem
1184 778 1385 841 nequaquam
1407 757 1529 841 peregit
1551 775 1589 818 ea
1612 775 1677 839 qua

316 882 373 946 par
397 869 464 925 erat
486 882 561 924 cura
584 868 615 924 et
639 859 858 945 simplicitate3
889 880 964 923 nam
993 860 1065 923 aliis
1089 859 1167 924 locis
1190 881 1293 944 neque
1314 860 1356 923 iis
1379 860 1499 945 paucis,
1524 859 1676 943 deceptus

320 965 457 1028 maxime
482 963 710 1049 supplementis
728 962 937 1047 Zumptianis,
963 984 1000 1026 θα
1023 963 1086 1027 sibi
1109 963 1216 1027 videre
1240 962 1327 1027 visus
1351 969 1400 1027 est
1422 961 1577 1047 inlepide
1594 982 1676 1045 quae

318 1074 525 1154 proposuerat
549 1067 649 1131 editor
664 1065 895 1145 Berolinensis3
921 1066 1012 1130 cuius
1037 1066 1148 1151 culpae
1171 1066 1368 1131 luculentum
1391 1066 1571 1151 exemplum
1587 1086 1677 1150 prae-

319 1173 372 1237 bet
395 1178 489 1257 caput
505 1173 535 1248 5,
552 1170 691 1235 24-34.
729 1172 829 1247 Quare
855 1170 976 1235 invitus
993 1170 1133 1253 quidem,
1157 1170 1212 1234 sed
1229 1170 1404 1235 necessario
1420 1170 1479 1233 hoc
1494 1168 1677 1252 exemplum

254 1269 258 1277 ’
320 1277 365 1341 ita
388 1276 529 1351 adhibui,
555 1283 590 1339 ut
613 1276 642 1339 ei
666 1274 725 1337 soli
748 1275 841 1338 iidem
867 1295 929 1339 non
953 1275 1103 1339 haberem
1126 1274 1189 1338 nisi
1213 1273 1246 1336 in
1269 1295 1302 1337 re
1325 1273 1474 1338 evidenti.

659 1767 710 1823 VI.
758 1766 1063 1827 PERROTIANVM
1100 1766 1338 1824 EXEMPLVM.

431 1906 572 1971 Tandem
597 1905 766 1988 aliquando
791 1926 871 1989 quae
895 1928 951 1972 nos
973 1908 1090 1970 frustra
1113 1912 1341 1990 temptaramus
1364 1907 1571 1991 perfecerunt,
1596 1905 1679 1969 sicut

321 2032 417 2095 supra
438 2012 556 2087 monui,
582 2011 733 2091 Georgius
754 2011 862 2074 Perrot
885 2020 916 2075 et
931 2010 1118 2075 Edmundus
1135 2010 1325 2087 Guillaume,
1350 2010 1407 2093 qui
1428 2010 1520 2073 iussu
1542 2010 1677 2095 impera-

320 2117 397 2180 toris
414 2116 577 2180 Gallorum
599 2114 790 2199 Napoleonis
806 2115 854 2177 ΙΙΙ
878 2114 1035 2178 Galatiam
1052 2121 1083 2179 et
1099 2113 1284 2198 Bithyniam
1307 2136 1334 2177 a.
1354 2115 1436 2179 1861
1461 2119 1678 2198 peragrarunt.

321 2218 443 2303 Ectypa
466 2218 596 2302 quidem
619 2218 687 2281 fieri
709 2236 802 2301 posse
819 2223 851 2281 et
869 2217 933 2302 ipsi
950 2224 1113 2299 negarunt,
1138 2217 1194 2281 sed
1211 2237 1336 2281 summa
1350 2238 1426 2282 cura
1439 2215 1680 2332 inscriptionem

320 2343 487 2407 repraesen
487 2327 630 2386 ttarunt
617 2320 736 2384 tabulis
761 2319 928 2385 delineatis
959 2320 999 2384 ad
1022 2322 1155 2385 formam
1177 2320 1493 2404 magnitudinemque
1516 2320 1624 2385 arahet
1610 2320 1679 2404 typi

321 2425 521 2509 exemplaris,
546 2445 627 2508 quae
649 2424 809 2488 tabulae
801 2445 866 2488 ram
889 2430 1033 2508 prostant
1046 2424 1210 2488 Parisiis
1200 2446 1235 2489 ιιι
1256 2445 1366 2489 museo
1381 2423 1677 2509 Napoleonianoi).

320 2528 457 2593 Easdem
481 2527 606 2591 tabulas
629 2547 703 2591 mox
725 2528 826 2591 forma
847 2527 969 2590 minore
992 2526 1190 2591 ediderunt
1146 2533 1216 2590 trn
1236 2527 1434 2612 splendido
1424 2527 1586 2592 ltinerario
1611 2528 1678 2611 (ea-

317 2635 483 2715 ploratiorr
504 2633 746 2713 archeoloqique
768 2634 806 2696 de
829 2634 861 2695 la
884 2634 1011 2695 Galatia
1034 2641 1064 2695 et
1085 2634 1118 2694 la
1140 2632 1296 2713 Bithynia.
1326 2631 1458 2696 Parisiis
1477 2632 1677 2715 1862.f01.,)

321 2736 379 2799 ubi
411 2734 479 2798 Lat
457 2742 524 2797 trna
552 2734 740 2798 exhibentur
769 2734 887 2799 tabulis
921 2733 1045 2800 duabus
1078 2756 1111 2797 n.
1130 2735 1182 2799 25.
1205 2736 1291 2799 26
1282 2736 1386 2819 risque
1414 2736 1577 2819 aliquanto
1607 2742 1679 2798 ante

322 2860 418 2922 quam
440 2837 592 2921 publici
583 2837 662 2901 ruris
685 2838 795 2901 tierent
782 2844 894 2901 tusus
919 2859 990 2901 sum
1013 2836 1163 2901 beneficio
1180 2838 1310 2903 Perroti
1349 2839 1415 2904 Hoc
1431 2839 1615 2957 exemplum
1635 2839 1681 2902 ita

321 2944 439 3027 perfect
439 2963 495 3006 um
518 2950 605 3006 este
589 2942 684 3005 etiam
707 2942 741 3005 in
763 2941 943 3005 indicandis
975 2942 1043 3005 hiat
1029 2948 1121 3006 tuum
1144 2942 1255 3026 spatiis
1278 2943 1388 3019 iustis,
1418 2949 1455 3007 ut
1476 2943 1680 3027 paucissimis

321 3046 399 3111 locis
428 3051 539 3130 except
539 3045 567 3110 is
595 3066 670 3130 prae
700 3066 735 3109 eo
765 3045 889 3127 reliqua
918 3046 1025 3110 omnia
1052 3051 1136 3108 recte
1166 3045 1329 3127 neglegas,
1361 3046 1458 3130 idque
1486 3066 1542 3129 ego
1573 3046 1680 3113 ubivis

323 3170 418 3232 quam
440 3148 509 3211 fieri
532 3148 636 3234 potuit
623 3148 896 3212 taccuratissime
921 3155 1047 3212 secutus
1071 3168 1152 3212 sum

392 3436 421 3501 ΙΙΙ)
442 3436 480 3489 Of.
503 3436 611 3502 Gomptes
629 3441 717 3489 roudus
728 3439 757 3487 de
771 3437 918 3490 l’Aeademie
931 3440 1139 3506 derimcmptious
1153 3438 1219 3491 1861
1240 3455 1265 3506 p.
1275 3438 1341 3491 243ι
1364 3440 1402 3490 Ua
1421 3451 1562 3507 estampaqe
1579 3444 1683 3507 general

323 3538 358 3577 ert
376 3526 526 3591 irreposaihle:
492 3522 574 3574 te·l⁰
587 3540 652 3588 pour
672 3526 830 3589 l'irrsariptiou
850 3512 964 3587 latiae,
953 3545 968 3574 a
987 3544 1058 3576 caure
1076 3527 1118 3576 dea
1137 3536 1204 3576 mous
1219 3527 1339 3591 profonda
1356 3528 1399 3590 qui
1413 3545 1431 3593 y
1447 3529 1641 3593 sontpratiques
1654 3547 1681 3579 err

319 3614 443 3678 plusieurs
465 3611 583 3671 endroits,
607 3627 639 3658 au
660 3611 731 3673 point
754 3627 799 3673 que
822 3610 848 3659 lu
870 3612 968 3675 sursace
986 3629 1011 3660 ee
1029 3612 1116 3661 de‘robe
1134 3622 1157 3661 et
1174 3612 1324 3676 r’errsorrce
1312 3632 1328 3662 a
1342 3614 1467 3677 plusieurs
1485 3616 1635 3665 centimetres
1653 3616 1682 3665 de

321 3701 483 3765 profoadeur,·
511 3696 540 3747 2⁰
554 3714 619 3761 pour
638 3695 797 3759 l'r'ascriptioa
814 3714 931 3761 praeque,
957 3699 973 3745 ὰ
996 3715 1068 3747 cause
1091 3698 1133 3747 der
1153 3709 1253 3762 poutrea
1274 3716 1320 3763 que
1341 3717 1403 3749 nour
1424 3718 1522 3751 sommas
1539 3702 1636 3767 obliger
1653 3703 1683 3751 de

324 3787 411 3836 hrisser
428 3786 535 3834 dresrees
553 3792 633 3832 contre
653 3782 745 3831 lemur
763 3784 816 3844 ufir
834 3784 863 3831 de
881 3785 988 3833 coatenir
1007 3785 1028 3833 le
1047 3786 1091 3835 tait
1108 3785 1138 3834 de
1157 3786 1183 3835 la
1199 3787 1299 3836 maisou.
1336 3786 1407 3837 Mais
1423 3806 1484 3839 aeus
1501 3801 1682 3859 rapporterons‚

324 3881 391 3923 outre
410 3872 451 3921 des
465 3870 561 3934 parties
579 3874 717 3932 estamptea
736 3868 780 3931 qui
797 3868 926 3919 domuerant
947 3870 1059 3933 lafome
1071 3871 1113 3920 dea
1125 3866 1268 3935 caracteres,
1287 3874 1389 3937 quelque
1404 3876 1475 3925 chore
1493 3878 1536 3940 qui
1548 3888 1682 3942 permetere

324 3958 353 4007 de
372 3972 476 4005 mesurer
494 3964 517 4003 et
535 3954 564 4003 de
581 3955 682 4019 remplir
702 3954 736 4005 les
753 3955 820 4005 uides
839 3972 897 4005 auec
916 3974 960 4005 uae
979 3957 1117 4007 exactitude
1133 3976 1235 4023 presque
1253 3960 1445 4025 machumetique.
1490 3963 1526 4014 M.
1543 3964 1682 4015 Guilleume

324 4062 340 4093 a
359 4060 387 4093 eu
407 4042 432 4091 ia
447 4040 559 4105 patience
577 4040 606 4087 de
624 4050 707 4089 mettre
725 4042 740 4088 ὰ
761 4040 879 4101 ἱἰἰ1ιαίἰθ,
902 4041 983 4105 pierre
998 4059 1048 4105 par
1062 4043 1157 4107 pierre,
1181 4062 1209 4094 ea
1227 4045 1355 4108 iadiquarrt
1374 4047 1409 4097 lea
1425 4051 1545 4101 moiudrer
1563 4068 1682 4110 cassurae,

324 4146 382 4178 aveo
401 4128 451 4178 leur
469 4126 537 4175 orale
556 4124 667 4189 largeur,
688 4136 764 4176 tautae
783 4128 817 4177 les
834 4128 945 4191 cursores
964 4129 1007 4190 qui
1021 4139 1118 4192 portent
1135 4131 1177 4179 dar
1195 4132 1361 4196 inscriptione,
1381 4137 1453 4186 c'eet-
1443 4139 1489 4187 -ᾰ-
1479 4138 1548 4188 ·dire
1567 4138 1602 4187 les
1619 4139 1683 4187 deux

318 4216 393 4280 sacer
410 4215 443 4263 du
457 4229 566 4277 proauos
585 4222 607 4261 et
627 4212 649 4261 le
667 4230 719 4261 mur
737 4215 857 4263 exterieur
881 4214 910 4263 de
934 4215 959 4263 la
977 4215 1047 4264 cella.
1091 4216 1143 4265 Sur
1163 4234 1202 4270 cer
1213 4218 1328 4282 feuillar,
1346 4224 1377 4286 je
1394 4224 1521 4273 mettrai
1508 4244 1524 4274 a
1543 4226 1595 4275 leur
1609 4226 1682 4290 place

222 4340 225 4345 .
326 4302 360 4351 les
377 4301 440 4349 deur
458 4298 612 4362 inscriptions
632 4298 653 4347 le
671 4315 768 4362 compar
792 4300 807 4347 ὰ
826 4298 851 4347 la
870 4301 943 4349 maia.
989 4300 1021 4351 Ca
1037 4318 1094 4350 aera
1112 4320 1197 4353 ιθιιιιιια
1221 4322 1252 4353 un
1270 4312 1322 4355 etat
1339 4309 1431 4371 actual,
1449 4326 1495 4360 uae
1512 4314 1581 4362 orale
1596 4313 1682 4377 photo-

324 4386 428 4453 graphie
447 4386 475 4435 de
495 4384 662 4447 l'iuscriptiorr.
692 4381 730 4434 cf.
750 4381 847 4435 ibidem
868 4383 933 4437 1862
954 4402 978 4452 p.
989 4384 1030 4437 63.
