3734 5517
754 377 787 442 V,
802 377 834 432 18
844 401 876 416 ·-
888 378 922 432 23
1474 379 1516 441 75

136 546 318 613 'frumento
342 556 446 634 empto
471 549 509 614 ab
534 550 634 614 amico
658 571 715 614 suo
738 551 771 614 C.
789 549 934 614 Petronio
957 571 1058 635 nuper
1079 558 1149 616 tum
1171 553 1252 616 facto
1275 554 1430 636 praefacto
1453 552 1515 614 Ae-

155 653 248 736 gypti
272 651 399 737 (ἔπεμπε
423 652 450 716 δ’
470 653 517 716 ἐπ’
536 653 689 736 Αἰγύπτου
711 651 747 716 τὰ
768 655 920 738 χρήματα,
945 650 1114 739 Πετρωνίου
1138 656 1191 738 τὴν
1208 656 1352 740 ἐπαρχίαν
1368 656 1426 717 ἀπὸ
1442 653 1515 717 Καί-

156 776 250 840 σαρος
271 755 460 842 εἰληφότος);
483 779 557 822 mox
579 757 669 822 addit
691 758 810 824 auxilia
833 759 872 822 ab
890 758 1013 822 Herode
1035 759 1134 824 missa
1154 779 1225 822 esse
1246 759 1286 822 ad
1302 759 1430 824 Aelium
1445 759 1516 822 Gal-

154 859 225 922 lum
249 867 377 944 propter
399 861 632 944 expeditionem
655 861 835 928 Arabicam.
881 861 1025 926 Narratio
1048 862 1125 926 haec
1148 861 1297 946 bipertita
1318 883 1391 926 cnm
1413 862 1516 946 priore

153 969 248 1046 parte
272 964 496 1047 complectatur
519 985 569 1028 res
593 963 723 1042 biennii,
747 969 872 1030 tantum
895 965 995 1040 abest,
1018 972 1055 1029 ut
1069 965 1209 1028 Petronii
1231 967 1460 1049 praefecturam
1475 965 1515 1030 ad

155 1085 184 1128 a.
199 1065 350 1143 7291730
372 1068 525 1143 retrahat,
558 1076 593 1132 ut
620 1068 712 1151 longe
741 1069 856 1132 melius
887 1069 1052 1133 conveniat
1074 1069 1104 1132 ei
1127 1069 1212 1152 quod
1234 1091 1331 1152 supra
1351 1069 1516 1152 posuimus

154 1169 307 1252 tempori3
331 1189 405 1232 nam
427 1170 554 1234 misisse
577 1171 734 1235 Herodem
756 1171 790 1235 in
815 1174 994 1256 Aegyptum
1017 1192 1079 1235 non
1102 1179 1175 1257 post
1195 1171 1341 1256 priorem,
1365 1172 1422 1236 sed
1444 1181 1516 1257 post

154 1271 291 1362 alteram
315 1271 443 1336 demum
465 1294 602 1338 messem
625 1273 795 1350 infelicem,
820 1273 855 1338 id
879 1282 927 1339 est
950 1281 1023 1359 post
1045 1280 1195 1338 aestatem
1220 1295 1247 1336 a.
1262 1275 1336 1351 730,
1360 1275 1438 1338 satis
1461 1297 1515 1360 ap·

153 1380 248 1458 paret
271 1393 370 1458 eoque
392 1371 462 1460 ipse
484 1382 625 1461 ternpore
647 1359 784 1442 amicum
807 1375 925 1440 Herodi
940 1377 1124 1440 Petronium
1138 1377 1172 1441 in
1188 1378 1367 1462 Aegyptum
1390 1376 1515 1443 venisse

154 1479 312 1562 Iosephus
335 1479 397 1543 nisi
421 1479 507 1555 dicit,
531 1484 635 1544 tamen
659 1477 788 1545 indicat.
828 1480 922 1545 Redit
945 1487 1051 1544 autem
1066 1481 1198 1565 scriptor
1214 1488 1285 1564 post
1304 1481 1515 1545 narrationem

154 1582 193 1646 de
218 1583 304 1646 fame
334 1582 442 1647 bienni
473 1582 651 1648 absolutam
680 1583 721 1648 ad
748 1605 798 1649 res
827 1591 930 1667 gestas
961 1585 1036 1647 anni
1065 1584 1178 1668 prioris
1206 1583 1366 1666 missaque
1395 1591 1515 1650 aestate

154 1707 181 1750 a.
197 1689 264 1751 729
288 1686 328 1750 ad
351 1687 478 1752 Gallum
501 1687 654 1752 subsidia.
686 1729 727 1740 -
752 1690 853 1766 Quare
877 1707 948 1752 cum
978 1694 1075 1752 testes
1098 1704 1207 1752 omnes
1230 1689 1437 1762 consentiant,
1461 1709 1514 1751 ex·

153 1789 298 1874 ploditur
313 1787 467 1873 Kruegeri
490 1790 629 1876 opinatio
652 1809 707 1877 per
730 1811 764 1856 se
780 1811 891 1876 parum
901 1791 1085 1876 probabilis
1102 1791 1229 1856 Aelium
1245 1791 1374 1856 Gallum
1388 1792 1422 1855 in
1439 1793 1514 1854 Ara·

155 1893 245 1957 biam
267 1893 440 1958 exercitum
465 1895 593 1959 duxisse
621 1915 650 1958 a.
663 1895 727 1960 730
750 1897 907 1980 praefecto
930 1895 1067 1978 Aegypti
1091 1895 1123 1958 C.
1141 1895 1302 1971 Petronio,
1333 1895 1384 1958 cui
1406 1902 1515 1979 postea

154 1997 346 2062 successerit
367 1997 400 2060 in
422 1998 620 2082 praefectura
641 2020 687 2074 ea,
711 2017 814 2082 neque
831 1997 878 2062 its
895 1997 1129 2083 expeditionem
1143 1997 1233 2060 illam
1248 2018 1322 2060 eum
1338 2001 1515 2084 suscepisse

153 2101 188 2166 in
211 2101 285 2184 ipsa
307 2103 516 2185 praefectura3
541 2113 735 2185 quamquam
757 2122 860 2186 neque
884 2108 1100 2186 apparetque
1122 2101 1185 2164 alio
1199 2101 1326 2166 nomine
1344 2103 1373 2164 ei
1388 2102 1514 2187 expedi-

153 2204 235 2270 tioni
258 2205 430 2289 praefuerit
451 2206 502 2270 vel
526 2205 603 2270 adeo
625 2225 772 2290 praeesse
794 2203 933 2289 potuerit
962 2203 1026 2268 nisi
1049 2205 1262 2288 praefecturae
1286 2206 1512 2288 Aegyptiacae,

153 2315 320 2391 praeterea
342 2309 535 2391 praefectum
550 2307 687 2392 Aegypti
710 2329 782 2372 eum
805 2314 874 2372 tum
893 2307 993 2372 fuisse
1009 2306 1166 2388 significat
1180 2306 1303 2371 Plinius
1324 2309 1451 2392 (6,160
1473 2310 1512 2370 cf.

155 2412 238 2476 181:
263 2414 374 2476 Aelius
392 2414 502 2475 Gallus
524 2433 563 2474 aa
578 2415 718 2494 equestri
734 2411 871 2494 ordine),
895 2417 1030 2475 testatur
1044 2411 1104 2474 Dio
1121 2412 1173 2488 53,
1190 2413 1243 2475 29.
1281 2411 1328 2474 De
1342 2411 1514 2495 expeditio-

153 2515 206 2577 nis
222 2513 380 2578 Arabicae
399 2515 533 2578 termino
553 2523 677 2600 praeter
697 2515 958 2580 commentarium
979 2515 1158 2579 conferendi
1174 2514 1297 2587 Plinius
1318 2515 1349 2578 h.
1365 2537 1396 2581 n.
1414 2518 1444 2591 6,
1461 2517 1513 2591 28,

157 2619 238 2682 159:
266 2619 407 2698 Catispii
422 2639 552 2700 qnorum
568 2620 692 2682 Marino
709 2617 768 2699 (ita
784 2617 871 2700 libri)
884 2621 1031 2699 oppidum
1046 2621 1208 2698 ι1191116111
1223 2621 1366 2682 dominos
1383 2623 1516 2683 omnium

154 2727 187 2786 et
203 2722 223 2805 ᾗ
239 2721 317 2785 160:
344 2723 454 2786 Gallus
471 2723 591 2804 oppida
607 2722 705 2786 diruit
799 2731 829 2785 al
845 2743 946 2802 snpra
961 2723 1078 2784 dictam
1094 2723 1250 2786 Maribam
1270 2722 1329 2803 (ita
1343 2721 1430 2804 libri)
1454 2726 1515 2786 air·

153 2831 247 2890 coita
264 2825 367 2892 armti.
378 2847 423 2908 p,
441 2827 514 2889 itam
529 2825 721 2908 Caripetam,
738 2847 799 2907 qno
817 2829 1002 2908 lanpisrima
1013 2830 1184 2907 processit,
1201 2822 1514 2901 ο1611111016,4,24

152 2922 280 3015 117821
300 2929 346 2999 ἐἰς
360 2929 444 2992 πόλιν
461 2927 644 3018 Μαρσυαβαὶ
667 2929 726 3012 (ita
741 2929 828 3013 libri)
850 2931 999 3015 προῆλθεν
1021 2927 1171 3012 (Gallus)
1188 2929 1295 2998 ἔθνους
1309 2927 1514 3014 τῶνῬαρμα-

152 3037 258 3109 νιτῶν,
290 3033 319 3094 οἳ
339 3029 414 3116 ἦσαν
439 3033 495 3096 ὑπὸ
513 3032 673 3118 Ἰλασάρω.
726 3031 838 3100 Ditem
860 3032 988 3096 nomine
1011 3041 1094 3096 certo
1117 3029 1176 3097 Die
1192 3033 1244 3110 53,
1262 3036 1319 3098 29:
1346 3033 1435 3118 μέχρι
1455 3038 1513 3096 τῶν

157 3135 336 3200 Ἀθλούλων
357 3136 551 3221 καλουμένων
574 3136 687 3221 χωρίου
711 3138 788 3206 τινὸς
812 3137 973 3222 ἐπιφανοῦς
995 3137 1167 3221 ἐχώρησαν.
1211 3136 1335 3220 Oppida
1360 3137 1515 3200 Maribam

154 3247 189 3304 et
219 3240 402 3325 Caripetam
431 3247 554 3306 constat
576 3239 669 3302 hodie
700 3239 764 3302 dici
786 3239 888 3302 Marih
912 3246 946 3303 et
968 3237 1118 3315 Obariba,
1144 3256 1276 3320 quornm
1298 3239 1380 3302 illud
1403 3246 1452 3302 est
1473 3239 1514 3302 ab

155 3347 279 3410 oriente
301 3344 413 3422 Sanno,
439 3341 576 3409 Chiriba
597 3341 663 3406 diei
684 3343 797 3406 itinera
819 3350 944 3408 tautum
966 3343 1066 3406 distat
1085 3363 1108 3407 a
1128 3339 1240 3411 Marib.
1277 3342 1447 3406 Diversum
1469 3343 1514 3405 vi·
1590 3398 1592 3401 .

153 3449 252 3512 detur
279 3447 403 3512 Mariba
431 3447 584 3532 oppidum
612 3446 651 3510 de
681 3467 743 3530 que
775 3447 897 3529 agimus
928 3446 970 3510 ab
1004 3446 1104 3510 altero
1133 3446 1326 3510 Sabaeorum
1354 3446 1514 3530 primario,

153 3551 247 3636 quod
268 3551 417 3617 Straboni
438 3551 554 3616 dieitur
570 3553 720 3621 Mariaba
744 3552 811 3634 (16,
827 3552 859 3626 4,
878 3552 897 3614 2
917 3570 949 3635 ρ.
963 3551 1027 3614 768
1050 3555 1083 3614 et
1103 3569 1142 3612 ex
1166 3548 1320 3613 Strabone
1335 3537 1514 3633 Stephanus

153 3677 185 3741 p.
199 3655 268 3719 433
285 3655 396 3738 Mein.)
420 3655 471 3719 vel
488 3657 633 3720 Mariaba
655 3655 722 3738 (16,
740 3656 826 3731 4,'19
849 3675 879 3738 p.
890 3654 981 3737 778),
1005 3652 1225 3730 himinans,
1244 3655 1306 3716 150
1322 3655 1515 3716 Marafibata

154 3761 207 3824 vel
231 3761 418 3840 Analibatu,
448 3759 636 3834 Ptolemaeo,
659 3759 690 3834 6,
707 3761 737 3834 7,
754 3757 794 3821 37
820 3759 987 3822 Mariama.
1040 3747 1168 3833 Quodsi¹
1184 3757 1224 3820 de
1251 3754 1366 3839 oppido
1391 3755 1516 3819 Mariba

152 3883 330 3928 consensus
354 3869 403 3926 est
424 3862 507 3926 inter
530 3864 709 3944 Augustum
733 3869 764 3925 et
787 3861 925 3943 reliquos
949 3869 1101 3935 anatome,
1125 3859 1158 3922 id
1181 3858 1265 3940 quod
1287 3857 1385 3922 adicit
1406 3880 1513 3942 pervo-

152 3970 242 4032 nisse
266 3967 440 4030 exercitum
462 3985 560 4047 aequa
583 3969 616 4028 in
638 3969 715 4046 (11111
741 3967 945 4046 Sabaeorum,
972 3985 1043 4028 cum
1066 3963 1175 4027 Gallus
1204 3963 1383 4046 pervenerit
1404 3985 1513 4027 secun-

152 4073 230 4137 dum
257 4071 449 4135 Strabonem
469 4069 508 4134 ad
532 4069 786 4146 Rhammanitae,
818 4069 994 4132 secundum
1024 4067 1163 4131 Plinium
1192 4067 1232 4129 ad
1262 4066 1436 4149 Calingios,
1467 4066 1513 4129 ita

152 4175 377 4260 accipiendmn
405 4180 469 4250 ost,
501 4174 720 4254 nt‘Augustus
752 4173 868 4256 pariter
898 4177 994 4254 atque
1021 4170 1272 4251 Agatharchides
1294 4169 1512 4234 Artemidorus

151 4280 277 4362 (Strab.
296 4279 346 4354 16,
362 4279 394 4353 4,
413 4279 451 4341 19
469 4299 498 4361 p.
509 4277 587 4360 778)
611 4276 767 4340 Diodorus
796 4275 961 4340 meridiem
984 4274 1121 4338 Arabiae
1150 4274 1184 4339 in
1211 4275 1410 4349 universum,
1439 4273 1513 4337 licat

152 4386 261 4449 minus
284 4389 378 4459 recte,-
402 4382 549 4446 tribuerit
572 4381 703 4445 Sabaeis
727 4382 889 4464 (Mannert
910 4382 942 4456 6,
962 4382 990 4456 1,
1007 4379 1076 4463 60).
