3734 5517
347 345 408 408 136

346 513 459 585 teriam
486 526 592 584 essent
610 518 832 604 praedicandis
856 539 952 602 quam
976 541 995 583 a
1016 519 1111 584 rebus
1141 518 1322 584 domesticis
1350 516 1478 602 publice
1501 513 1690 580 enarrandis.

345 623 511 693 Praeterea
533 624 572 689 de
595 625 696 689 turbis
720 624 869 689 civilibus
892 625 975 690 dixit
997 623 1127 709 quidem
1150 622 1365 708 compluribus
1389 622 1477 699 locis,
1502 620 1559 686 sed
1577 620 1691 684 brevis-

164 776 168 784 .
288 784 290 789 .
346 728 426 793 sime
455 735 486 794 et
508 729 688 794 cautissime
718 734 750 793 et
771 736 808 793 ut
829 750 989 812 nusquam
1017 728 1146 793 uomina
1173 734 1304 812 poneret
1327 747 1435 791 eorum
1458 724 1513 809 qui
1537 732 1648 789 contra
1663 745 1690 788 se

346 853 434 898 arma
459 833 609 898 tulissent
634 833 728 898 bellis
755 833 921 914 civilibus,
962 832 1067 908 utM.
1090 831 1182 896 Bruti
1208 838 1240 895 et
1266 832 1300 897 C.
1323 831 1425 896 Cassii
1453 832 1594 911 (fractior
1629 848 1690 906 ¹2¹3

346 941 400 1019 pai
420 947 583 1019 parentem
613 959 709 1002 mcum
740 939 974 1002 cosiderantes
999 940 1062 1015 ιο),
1093 936 1135 1002 M.
1155 935 1288 1000 Antonii
1311 935 1436 1018 (hostie
1460 955 1527 997 cum
1549 952 1612 1014 quo
1636 933 1693 994 hcl·

347 1043 408 1104 lum
435 1062 617 1124 passerum:
649 1065 681 1102 rv
704 1059 733 1104 so
756 1041 794 1104 cf.
818 1059 867 1103 vc
890 1048 921 1105 et
950 1039 1010 1103 Dio
1026 1041 1085 1115 51,
1104 1039 1181 1122 19),
1212 1038 1254 1104 M.
1277 1038 1389 1123 Lepidi
1417 1037 1473 1121 (eo
1496 1044 1621 1100 mortue
1645 1038 1693 1117 poi

346 1146 381 1207 id
402 1147 613 1209 sacerdotium
637 1186 677 1194 -
701 1144 918 1228 pontificatum
942 1143 1116 1230 maximum
1134 1180 1172 1188 -
1189 1164 1247 1224 per
1271 1144 1381 1207 ciuiles
1405 1143 1622 1205 dissensiones
1645 1159 1692 1204 ee-

348 1256 536 1329 cupaoerot:
559 1271 581 1310 rr
597 1248 663 1332 aa),
692 1247 767 1312 Sex.
789 1247 932 1331 Pompeii
963 1247 1180 1330 (praedoocsr
1211 1270 1228 1305 v
1245 1259 1288 1324 1).
1339 1245 1448 1310 Cladis
1469 1244 1629 1308 Varianae
1658 1243 1693 1308 si·

346 1348 533 1433 miliumque
554 1351 798 1416 infortuniorum
820 1351 1012 1416 mentionem
1033 1371 1098 1415 non
1113 1350 1182 1414 fieri
1196 1349 1251 1414 vix
1266 1369 1345 1435 opus
1361 1355 1410 1414 est
1424 1368 1565 1426 monere;
1591 1354 1695 1412 contra

346 1462 537 1520 memoratur
566 1456 724 1540 expeditio
752 1473 815 1522 uon
844 1456 945 1520 multo
973 1457 1074 1540 magis
1101 1456 1194 1532 felix,
1225 1454 1282 1520 sed
1310 1475 1373 1519 non
1396 1452 1593 1517 conclamata
1614 1451 1693 1515 Aelii

349 1553 431 1622 Galli
462 1559 503 1642 (v
534 1559 594 1643 18).
658 1559 803 1642 Denique
832 1579 947 1622 arcana
974 1559 1101 1644 imperii
1129 1559 1162 1622 in
1190 1558 1248 1623 tali
1285 1557 1453 1642 scriptione
1480 1576 1572 1620 nemo
1603 1575 1694 1620 sanus

349 1670 488 1746 quaeret,
518 1665 572 1728 sed
597 1685 644 1741 ea,
674 1685 754 1748 quas
777 1664 929 1749 populum
958 1664 1142 1729 universum
1162 1670 1196 1728 et
1217 1662 1416 1748 plebeculam
1437 1661 1576 1726 maxime
1600 1659 1640 1724 de
1666 1680 1694 1722 sc

348 1766 473 1831 credere
495 1766 591 1832 vellet
613 1769 784 1852 imperator
805 1766 904 1832 animi
927 1767 1036 1831 callidi
1058 1768 1159 1850 inagis
1183 1787 1279 1850 quam
1293 1764 1441 1830 sublimis
1458 1765 1578 1848 quique
1593 1761 1695 1846 magni

347 1869 410 1933 viri
429 1890 595 1954 personam
617 1879 689 1958 apte
712 1873 843 1955 gesserit
864 1873 933 1956 ipse
955 1892 1018 1936 non
1040 1893 1183 1956 maguus.

392 1973 467 2059 Cap.
489 1975 515 2038 l.

471 2099 571 2144 11-3
593 2079 858 2145 Adulescentulus
883 2080 1056 2144 exereitum
1079 2087 1249 2164 comparat

497 2203 570 2247 o-s
593 2184 672 2248 Loco
695 2184 854 2249 consulari
877 2183 1034 2267 adlegitur
1057 2185 1090 2248 in
1114 2190 1269 2260 sumtum
1294 2183 1371 2247 item
1394 2181 1565 2266 imperium
1586 2179 1695 2264 accipit

657 2308 712 2373 pro
736 2295 887 2372 praetore.
1499 2296 1502 2303 '

498 2411 571 2456 7-e
593 2390 741 2456 Consull
765 2400 889 2458 creatur
913 2399 945 2456 et
967 2393 1065 2456 Illvir
1087 2414 1113 2455 r.
1129 2413 1160 2476 p.
1176 2413 1203 2454 c.

394 2495 468 2578 Cap.
485 2493 526 2561 II.
846 2568 847 2572 η

473 2617 601 2661 rro-ra
623 2599 688 2662 Lex
712 2599 818 2664 Pedia.
855 2599 984 2670 Bellum
1007 2599 1220 2684 Philippense.

394 2701 468 2786 Cap.
484 2702 541 2765 Ill.

474 2824 602 2871 rra-15
623 2807 715 2872 Bella
728 2813 881 2872 sustenta.
919 2795 1050 2873 Civibus
1074 2813 1105 2870 et
1126 2805 1286 2890 plerisque
1308 2803 1447 2869 externis
1468 2805 1570 2870 victor
1591 2804 1693 2890 parcit

499 2929 601 2975 1o-1e
623 2911 780 2976 Numerus
803 2912 943 2976 militum
965 2918 998 2975 et
1018 2918 1248 2975 veteranorum.

510 3033 548 3078 19.
565 3035 594 3080 ao
621 3015 778 3080 Numerus
801 3016 930 3080 navium
950 3027 1128 3100 captarum.

393 3118 471 3201 Cap.
486 3118 540 3183 IV.

472 3241 602 3285 121-24
623 3222 780 3286 Numerus
797 3222 1027 3286 eratissimos
1045 3222 1288 3306 triumphorum.
1312 3219 1479 3306 Triumphi
1494 3241 1558 3285 non
1573 3216 1695 3304 accepti.
1768 3202 1769 3283 l

501 3343 603 3390 ae-er
625 3325 782 3390 Numerus
796 3324 1063 3411 supplicationum
1078 3333 1111 3389 et
1125 3324 1248 3389 dierum
1259 3345 1316 3410 per
1327 3345 1407 3408 quos
1417 3325 1631 3411 supplicatum
1641 3327 1696 3385 est.

512 3448 592 3494 aare
626 3430 782 3495 Numerus
816 3451 926 3513 regum
959 3450 1133 3514 regumque
1166 3429 1339 3494 liberorum
1373 3430 1407 3494 in
1440 3429 1609 3516 triumphis
1633 3424 1696 3490 illis
1768 3508 1769 3517 ἵ

497 3529 506 3550 ’
675 3533 848 3599 ductorum.

499 3657 601 3705 ae-oe
624 3640 691 3715 Quo
714 3645 854 3723 tempore
877 3639 955 3703 haec
978 3639 1097 3723 scripta
1118 3638 1192 3702 sint.

394 3745 471 3827 Cap.
488 3744 524 3807 V.
1143 3761 1149 3770 ’

406 3893 411 3909 ,
474 3869 484 3908 ι
522 3867 601 3911 ease
635 3847 799 3910 Dictatura
820 3866 884 3910 non
907 3852 1044 3930 accepta

501 3969 603 4016 oa-ao
626 3951 708 4016 Cura
731 3969 883 4025 annonae.

518 4072 557 4120 ao.
570 4073 598 4119 ec
633 4055 821 4120 Consulatus
845 4058 1018 4140 perpetuus
1041 4072 1104 4116 non
1127 4058 1286 4136 acceptus.

391 4161 472 4245 Cap.
489 4158 543 4222 VI.

620 4264 714 4327 Cura
735 4263 841 4345 legum
864 4267 896 4325 et
917 4280 1044 4325 morum
1066 4267 1098 4324 et
1119 4266 1259 4345 potestas
1280 4257 1462 4325 tribunicia

628 4365 772 4448 Collegae
794 4364 984 4430 tribuniciae
1006 4364 1183 4449 potestatis.

391 4472 473 4555 Cap.
490 4470 559 4534 VII.

630 4573 792 4639 Trirunvir
815 4596 839 4636 r.
856 4595 888 4657 p.
906 4596 932 4636 c.

628 4678 778 4762 Princeps
801 4681 940 4742 senatus.

630 4780 822 4847 Sacerdotia.
