3734 5517
314 393 375 456 124
803 391 832 443 P.
852 389 1005 445 svurrcu
1023 389 1173 454 QVIRINII

388 588 461 630 moa
483 567 625 647 iasipaia
648 567 797 646 triumphi
821 568 954 646 adeptas
978 567 1133 645 datasque
1155 573 1262 627 rector
1287 563 1321 626 0.
1340 563 1475 626 Caesari
1490 565 1673 627 Armeniam

312 671 475 734 obtinenti.
521 671 674 732 Tiberium
698 688 819 750 qaoque
843 671 948 732 abaci
970 678 1113 750 apertam
1135 671 1287 748 coluerat,
1316 669 1401 748 qaod
1423 675 1496 731 tane
1515 670 1673 748 patefecit

314 777 346 836 ia
373 782 496 837 senata.
551 771 697 836 Coluerat
720 777 826 836 autem
848 771 1014 834 Tiberium
1036 770 1210 847 Quirinius,
1239 770 1274 834 ni
1304 770 1404 846 fallor,
1436 789 1499 852 quo
1527 776 1672 855 tempore

310 876 477 961 proconsul
499 877 533 940 in
549 876 660 940 Asiam
682 875 780 940 venit.
794 911 835 920 -
852 875 998 956 Denique
1021 874 1161 958 nuptiae,
1186 894 1265 956 quas
1282 873 1444 950 Quirinius
1461 895 1534 938 cum
1549 873 1673 957 Lepida

309 981 397 1057 fecit,
427 981 520 1044 facile
544 979 771 1064 expediuntur3
801 998 876 1042 nam
904 998 976 1041 oum
1007 984 1130 1042 constet
1153 978 1339 1043 Suetonium
1363 978 1455 1061 (Tib.
1469 977 1533 1060 49)
1561 977 1675 1061 paullo

309 1085 472 1148 liberalius
495 1085 578 1147 inter
599 1082 727 1166 nuptias
750 1081 839 1158 illas,
872 1102 953 1164 quae
982 1101 1045 1144 non
1075 1088 1148 1145 ante
1171 1101 1198 1148 a.
1216 1082 1279 1144 755
1304 1081 1457 1145 celebrari
1485 1085 1672 1165 potuerunt,

248 1169 254 1176 ¹
310 1195 341 1252 ot
364 1187 595 1251 accusationem
619 1208 646 1249 a.
664 1187 727 1250 773
751 1207 934 1249 numerasse
958 1206 1057 1249 annos
1081 1185 1203 1267 viginti,
1228 1183 1307 1267 quid
1328 1184 1471 1268 impedit,
1497 1183 1673 1267 quominus

309 1293 438 1376 nuptiae
461 1291 631 1354 reiciantur
653 1294 725 1374 post
748 1289 884 1366 Quirinii
907 1309 946 1352 ex
969 1289 1062 1372 Syria
1083 1289 1221 1353 reditum
1245 1288 1285 1351 ad
1309 1309 1336 1350 a.
1361 1309 1387 1354 c.
1406 1286 1489 1352 757?
1524 1287 1617 1364 Quod
1642 1286 1671 1351 si

311 1396 361 1459 cui
390 1395 529 1479 spatium
558 1393 694 1457 sedecim
718 1413 872 1457 annorum
894 1412 950 1476 pro
973 1391 1088 1474 viginti
1111 1391 1257 1455 Suetonii
1283 1389 1459 1475 displiceat,
1488 1396 1588 1474 ponat
1612 1390 1672 1454 Le-

308 1499 417 1583 pidam
433 1497 574 1575 Quirinio
597 1497 761 1582 nupsisses
785 1503 839 1560 aut
862 1502 934 1560 ante
957 1494 1316 1580 profectionemRomae
1333 1494 1436 1558 autin
1452 1493 1561 1576 Syria3
1587 1501 1673 1558 certe

308 1623 399 1666 nemo
422 1599 555 1665 refellet.

419 1706 449 1768 3.
483 1705 594 1768 Restat
620 1703 804 1767 notissimus
835 1702 922 1766 locus
947 1701 1049 1765 Lucae
1066 1703 1095 1778 2,
1116 1704 1148 1765 1:
1178 1699 1297 1784 ἐγένετο
1327 1702 1362 1763 δὲ
1394 1701 1425 1763 ἐν
1448 1705 1512 1769 ταῖς
1540 1699 1672 1786 ἡμέραις

310 1810 452 1886 ἐκείναις,
484 1807 607 1892 ἐξῆλθεν
633 1805 731 1891 δόγμα
759 1807 839 1892 παρὰ
863 1805 1015 1890 Καίσαρος
1039 1804 1216 1888 Αὐγούστου
1239 1805 1467 1890 ἀπογράφεσθαι
1490 1808 1589 1867 πᾶσαν
1613 1806 1669 1888 τὴν

307 1912 502 1997 οἰκουμένην·
526 1911 599 1994 αύτη
625 1910 783 1996 ἀπογραφὴ
805 1912 907 1995 πρώτη
933 1909 1053 1992 ἐγένετο
1070 1909 1304 1993 ἡγεμονεύοντος
1318 1914 1371 1991 τῆς
1386 1907 1497 1994 Συρίας
1511 1905 1670 1994 Κυρηνίου

308 2017 374 2100 (sio
395 2015 462 2080 cod.
486 2014 673 2093 Sinaitious3
702 2013 854 2100 Κηρυνίου
878 2013 945 2077 cod.
962 2013 1070 2092 Alex.;
1101 2011 1249 2100 Κυρείνου
1268 2012 1335 2077 cod.
1349 2013 1475 2096 Vatia).
1527 2013 1577 2075 De
1607 2034 1672 2096 quo

307 2127 474 2204 postquam
495 2123 542 2182 tot
563 2117 625 2182 viri
648 2117 732 2182 docti
754 2125 820 2182 tam
842 2117 945 2182 multa
968 2117 1125 2193 dixerunt,
1150 2137 1205 2198 ego
1229 2138 1268 2180 ne
1284 2112 1432 2182 voluinen
1456 2117 1668 2195 conscribam,

308 2224 347 2286 ab
377 2223 462 2287 omni
491 2221 631 2307 priorum
655 2228 686 2285 et
712 2221 956 2306 reprehensione
986 2227 1018 2285 et
1043 2220 1225 2285 laudatione
1255 2220 1418 2284 abstinens
1441 2220 1520 2284 satis
1543 2221 1671 2286 habebo

306 2347 410 2390 meam
432 2326 622 2390 sententiam
644 2325 782 2389 breviter
801 2324 1043 2407 ‘significavissa
1078 2325 1182 2388 Lucae
1206 2324 1245 2387 de
1267 2325 1382 2388 hacne
1399 2325 1483 2408 quod
1498 2325 1669 2390 attulimus

305 2429 523 2493 testimonium
544 2428 638 2512 plane
662 2426 838 2492 solitarium
862 2433 919 2506 est,
944 2448 1020 2492 nam
1042 2427 1166 2511 reliqua
1189 2427 1353 2508 evangelia
1375 2428 1414 2492 de
1436 2447 1474 2492 aa
1496 2449 1530 2491 re
1547 2434 1666 2507 tacent,

306 2534 473 2616 scriptores
504 2538 610 2596 autem
639 2532 845 2598 ecclesiastici
876 2554 916 2596 ex
938 2533 1024 2596 Luca
1052 2532 1192 2616 pendent
1220 2551 1338 2596 omnes.
1391 2532 1479 2608 Quod
1510 2532 1610 2596 etiam
1631 2533 1668 2597 in

305 2637 463 2700 lustinum
485 2635 595 2699 cadere
618 2643 741 2700 constat
764 2658 835 2700 oum
858 2657 897 2700 ex
919 2637 1074 2701 librorum
1097 2637 1165 2700 eius
1180 2636 1330 2700 universa
1344 2636 1451 2702 indole
1474 2637 1520 2719 (v.
1538 2637 1667 2701 Strauls

305 2744 364 2804 das
387 2742 489 2803 Lebea
512 2742 589 2802 Jesa
610 2741 664 2820 [ῶν
687 2743 746 2802 das
765 2741 842 2804 Valle
863 2761 894 2823 p.
909 2739 950 2803 56
964 2742 1027 2822 sq.)
1055 2746 1125 2803 tum
1148 2761 1187 2803 ex
1210 2739 1443 2824 comparatione
1472 2740 1667 2805 narrationis

304 2844 500 2907 Iustinianae
530 2843 568 2907 de
597 2864 693 2906 censu
719 2843 777 2906 hoc
806 2843 948 2927 (apolog.
973 2842 989 2905 Ι
1012 2864 1038 2906 c.
1052 2843 1104 2906 34.
1121 2845 1178 2921 46;
1218 2842 1293 2906 dial.
1316 2863 1389 2907 oum
1410 2842 1529 2927 Tryph.
1559 2865 1586 2907 ο.
1603 2845 1666 2928 78)

305 2968 376 3010 cum
399 2947 501 3011 Lucae
524 2946 629 3010 verbis
654 2967 750 3030 supra
771 2945 898 3024 relatis3
921 2967 997 3009 nam
1020 2966 1115 3028 quem
1131 2945 1232 3009 Lucas
1254 2952 1338 3009 recte
1361 2945 1502 3031 appellat
1523 2946 1667 3028 legatum

305 3051 429 3136 Syriae,
462 3072 535 3115 eum
563 3049 705 3114 lustinus
735 3050 818 3113 male
847 3049 924 3112 facit
952 3054 1185 3132 procuratorem
1215 3049 1350 3112 Iudaeae
1379 3049 1420 3132 (l.
1446 3071 1472 3115 o.
1496 3051 1621 3134 apolog.
1650 3053 1667 3114 I

304 3178 330 3219 c.
348 3157 404 3220 34:
429 3160 470 3226 ῶς
491 3156 542 3218 καὶ
566 3155 671 3238 μαθεῖν
697 3154 828 3218 δύνασθε
852 3154 886 3216 ἐκ
909 3159 968 3215 τῶν
984 3153 1165 3239 ἀπογραφῶν
1185 3157 1243 3215 τῶν
1260 3147 1428 3237 γενομένων
1445 3153 1493 3216 ἐπὶ
1510 3153 1665 3240 Κυρηνίου

303 3264 356 3324 τοῶ
386 3259 532 3344 ὑμετέρου
564 3259 593 3321 έν
620 3257 755 3343 Ἰουδαίιγ
782 3259 902 3343 πρώτου
933 3257 1095 3341 γενομένου
1133 3256 1326 3342 ἐπιτρόπου),
1363 3256 1485 3320 scilicet
1511 3259 1668 3323 momoria

305 3363 410 3425 minus
433 3362 555 3425 fidant
582 3361 663 3425 solet
693 3362 794 3425 citans
824 3367 856 3424 et
878 3361 962 3424 mele
985 3361 1125 3442 cogitans
1154 3361 1193 3424 de
1217 3361 1268 3424 sui
1289 3350 1440 3444 temporis
1462 3367 1667 3444 procuratore

304 3465 414 3549 Syriae
429 3464 625 3528 Palaestinae
641 3464 786 3547 (Henzen
802 3465 913 3544 5530).
932 3464 1109 3528 -Lucam
1133 3471 1238 3528 autem
1262 3464 1368 3548 ipsum
1390 3465 1448 3527 illa
1471 3465 1665 3530 scribentem

258 3554 265 3572 ⁸
303 3576 391 3653 patet
414 3589 451 3633 ea
472 3569 506 3631 in
529 3574 634 3632 mente
651 3568 811 3645 habuisse,
836 3589 917 3651 quae
933 3568 1086 3653 Iosephus
1107 3569 1178 3631 lli
1192 3574 1270 3630 extr.
1295 3568 1340 3631 sic
1355 3570 1465 3632 refert:
1489 3575 1544 3651 τῆς
1560 3568 1665 3655 Ἀρχε-

302 3675 376 3736 λάου
399 3676 503 3760 χῶρας
526 3674 687 3740 ὑποτελοῦς
708 3673 967 3758 προσνεμηθείσης
989 3681 1027 3756 τῇ
1042 3671 1146 3757 Σύρων
1168 3672 1316 3755 πέμπεται
1338 3670 1487 3757 Κυρήνιος
1512 3675 1571 3736 ύπδ
1588 3673 1662 3738 Καί-

303 3797 393 3860 σαρος
414 3779 487 3862 ἀνὴρ
512 3777 651 3845 ὑπατικὸς
679 3776 934 3861 ἀποτιμησόμενυς
957 3777 993 3840 τὰ
1024 3777 1055 3840 ἐν
1078 3777 1189 3862 Συρίᾳ,
1218 3775 1297 3840 item
1319 3777 1340 3838 l.
1357 3779 1396 3840 18
1420 3777 1480 3839 in.:
1512 3775 1664 3863 Κυρηνιυς

303 3880 348 3958 δέ,
371 3884 428 3942 τῶν
454 3883 496 3950 εἰς
517 3884 570 3966 τὴν
595 3881 706 3968 βουλὴν
732 3880 940 3964 συναγομένων
966 3882 1050 3966 ἀνήρ,
1080 3881 1132 3949 τοὶς
1154 3905 1187 3944 τε
1210 3879 1306 3949 ἄλλας
1328 3881 1423 3965 ἀρχὰς
1446 3882 1663 3952 ἐπιτετελεκὼς

301 3985 351 4046 καὶ
375 3983 423 4045 διὰ
445 3990 547 4048 πασῶν
572 3987 701 4055 ὁδεύσας
725 3986 833 4054 ύπατος
856 3985 1008 4067 γενέσθαι,
1031 3986 1069 4047 τοί
1090 4009 1123 4048 τε
1146 3985 1224 4048 ἄλλα
1239 3985 1383 4069 ἀξιώματι
1400 3985 1506 4070 μέγας,
1530 3987 1585 4050 σὺν
1603 3989 1662 4050 ὀλί-

302 4111 365 4170 γοις
389 4088 437 4150 ἐπὶ
453 4085 562 4172 Συρίας
583 4095 690 4173 παρῆν,
716 4091 772 4152 ὑπὸ
789 4087 942 4174 Καίσαρος
965 4088 1154 4174 δικαιοδότης
1175 4095 1228 4152 τού
1250 4087 1356 4158 ἔθνους
1371 4090 1597 4174 ἀπεσταλμένος
1611 4095 1663 4156 καὶ

300 4194 426 4276 τιμητὴς
445 4196 503 4255 τῶν
526 4191 634 4255 οὐσιῶν
657 4192 868 4277 γενησόμενος,
891 4193 1136 4275 denique18,2,
1153 4195 1166 4255 l
1186 4200 1354 4276 postquam
1377 4193 1555 4268 Quirinium
1578 4217 1662 4260 com-

301 4295 503 4360 memoravit:
520 4299 578 4358 τῶν
595 4296 802 4380 ἀποτιμήσεων
819 4298 911 4382 πέρας
928 4298 1078 4382 ἐχουσῶν,
1096 4297 1127 4360 αἳ
1143 4296 1277 4379 ἐγένοντο
1293 4305 1458 4383 τριακοστῷ
1471 4301 1523 4361 καὶ
1534 4298 1661 4385 ἑβδόμῳ

302 4398 363 4463 ἔτει
387 4400 463 4484 μετὰ
471 4398 626 4464 Ἀντωνίου
645 4402 675 4462 ἐν
690 4398 796 4486 Ἀκτίῳ
812 4401 902 4484 ἧτταν
926 4401 982 4464 ὑπὸ
1001 4399 1164 4486 Καίσαρος,
1189 4401 1244 4483 qui
1266 4421 1367 4464 annus
1388 4407 1437 4465 est
1448 4399 1575 4481 saulce
1587 4424 1620 4465 u.
1633 4427 1660 4467 o.

301 4505 362 4567 Hic
385 4504 470 4568 enim
493 4525 607 4568 census
628 4525 647 4568 a
669 4503 810 4581 Quirinio
833 4505 999 4569 institutus
1023 4525 1095 4569 vere
1117 4505 1239 4588 primus
1262 4505 1332 4581 luit,
1357 4525 1452 4588 quem
1466 4505 1605 4570 Romani
1625 4506 1661 4570 in

299 4607 480 4671 Palaestina
502 4608 652 4672 fecerunt.
699 4607 780 4670 Eum
803 4627 933 4671 censum
956 4607 1057 4670 Lucas
1081 4606 1210 4688 quidem
1234 4607 1274 4670 ad
1296 4607 1403 4672 orbem
1425 4614 1583 4672 terrarum
1606 4631 1660 4673 ex-

298 4713 410 4789 tendit,
442 4733 513 4777 cum
535 4733 608 4777 vere
631 4711 820 4797 pertinuerit
848 4710 888 4773 ad
912 4711 1126 4775 Palaestinam
1148 4710 1264 4789 solam3
1295 4713 1373 4777 item
1396 4718 1488 4776 antea
1514 4713 1580 4789 1,5
1604 4735 1660 4798 po-

299 4817 364 4882 suit
391 4817 468 4882 haec
503 4817 646 4882 evenisse
683 4817 713 4879 ἐν
743 4817 807 4884 ταῖς
835 4813 962 4900 ἡμέραις
982 4811 1129 4900 Ἣρῶδου
1158 4819 1211 4878 τού
1240 4816 1389 4903 βασιλέως
1417 4820 1470 4900 τῆς
1494 4815 1657 4896 Ἰουδαίας,
