3734 5517
343 353 386 417 68
953 351 1088 415 V,t-·3

346 527 520 612 Αὔγουστος
541 529 593 590 καὶ
614 527 787 612 ἀνδριάντας
807 525 887 594 τινὰς
907 525 1018 588 ἑαυτοῦ
1039 525 1185 611 ἀργυροῦς
1205 523 1281 609 πρός
1300 547 1334 587 τε
1355 525 1415 586 τῶν
1437 523 1532 608 φίλων
1553 525 1712 610 καὶπρὸς

342 635 446 716 δήμων
469 635 554 694 τινῶν
579 629 739 714 γεγονότας
761 629 794 698 ἐς
815 627 946 714 νόμισμα
967 627 1117 714 κατέκοψα
1138 632 1193 708 (cf.
1210 629 1263 703 52,
1275 627 1329 690 35.
1345 628 1398 703 54,
1411 627 1479 709 35).
1519 627 1603 691 ΡΙίυ.
1618 626 1654 692 lr.
1670 649 1709 692 n.

343 737 395 812 33,
416 737 562 812 12151:
586 736 713 814 arqenti
735 753 823 797 asum
846 734 880 794 in
902 740 1029 797 statuar
1049 736 1184 814 prinam
1201 735 1267 796 dioi
1283 733 1419 813 Anqntti
1435 741 1609 814 tenpornnr
1622 733 1711 795 adn-

341 843 462 905 latione
484 846 643 903 transiere
664 840 752 919 falso
775 840 989 900 existimator.

880 1224 1035 1292 CAPVT
1057 1224 1164 1289 XXV
1268 1235 1271 1238 ’

415 1363 481 1406 aar.
493 1343 525 1424 5,
540 1362 553 1404 r
587 1339 682 1413 Mare
705 1337 821 1424 pacari
843 1361 863 1402 a
885 1335 1116 1423 praedonibus.
1153 1334 1205 1400 Εο
1227 1333 1314 1398 bello
1336 1356 1514 1415 serrorum,
1536 1332 1595 1416 qui
1608 1333 1710 1419 iuge-

543 1473 559 1516 ν
590 1460 664 1516 rant
684 1449 865 1521 adominis
882 1454 889 1521 Ι
904 1448 972 1513 suis
987 1456 1022 1512 et
1035 1470 1127 1511 arma
1141 1455 1256 1510 contra
1269 1469 1338 1510 rem
1352 1445 1519 1530 publicam
1533 1454 1709 1529 ceperant,

543 1583 557 1626 s
590 1563 724 1648 triginta
744 1561 812 1624 fere
835 1558 935 1624 millia
955 1567 1053 1644 capta
1075 1574 1083 1638 γ
1106 1556 1245 1621 dominis
1274 1555 1317 1619 ad
1344 1555 1541 1641 supplicium
1571 1578 1710 1620 sumen-

592 1672 670 1737 dum
691 1670 821 1735 tradidi.
845 1687 859 1736 t

356 1787 557 1866 eu.13,1415
591 1783 769 1868 Θαλασσ[αν]
790 1780 1059 1867 πειρατ[ευο]μένην
1084 1781 1334 1843 intimaretur
1358 1778 1482 1845 uttan
1503 1776 1707 1862 [εἰρήν]ευσα·

529 1915 558 1960 16
592 1894 622 1964 ἐξ
639 1895 679 1957 ὧν
695 1899 773 1980 τρεῖς
786 1917 844 1957 που
862 1894 1008 1978 μυριάδας
1021 1895 1083 1960 τοῖς
1094 1897 1101 1962 Ι
1111 1889 1287 1977 δε[σπόταις]
1301 1891 1346 1959 εἰς
1358 1887 1481 1953 κόλασιν
1496 1889 1676 1974 παρέδωκα.
1692 1905 1706 1955 s

341 2009 502 2073 Pertinere
525 2007 603 2070 haec
626 2005 665 2068 ad
690 2004 810 2068 bellum
830 2025 902 2069 cum
924 2003 997 2067 Sex.
1013 2003 1163 2087 Pompeio
1184 2009 1308 2085 gestum
1328 1999 1488 2064 intellexit
1503 2000 1706 2065 Ghishullus.

340 2113 387 2178 ct.
410 2113 493 2177 inira
515 2113 545 2188 5,
562 2111 614 2175 33.
632 2110 689 2173 34ε
720 2111 864 2173 Siciliam
886 2118 918 2172 et
941 2109 1123 2171 Sardiniam
1153 2117 1327 2188 oceopator
1358 2107 1439 2169 teilo
1462 2107 1585 2169 servili.
1627 2102 1706 2168 Vel·

339 2216 421 2281 leius
445 2217 475 2292 2,
491 2215 548 2278 73:
572 2211 659 2294 (Sex.
673 2213 857 2296 Pompeius)
881 2219 1038 2293 occupato
1053 2213 1170 2275 Sicilia
1192 2213 1328 2274 seruitio
1349 2212 1566 2291 fnqitiooaqne
1588 2212 1624 2271 in
1645 2231 1707 2271 nn-

339 2341 454 2383 merum
476 2320 636 2382 weroitrn
659 2319 712 2380 sni
734 2319 895 2397 recipiens
917 2336 1063 2396 maqnon
1083 2317 1205 2378 nodam
1229 2316 1385 2395 leqionnnr
1407 2313 1556 2396 effecerat
1582 2331 1706 2394 perque

341 2425 462 2487 Menon
491 2430 523 2484 et
551 2421 750 2482 Menecraten
774 2428 931 2500 paternos
963 2420 1095 2482 libertos
1123 2419 1308 2499 praefectos
1339 2419 1488 2481 classium
1517 2419 1704 2480 latrociniis

339 2548 380 2590 ac
399 2525 665 2608 praedationibus
688 2523 842 2604 infestato
865 2525 948 2586 mori
970 2523 1014 2586 ad
1035 2542 1071 2585 aa
1094 2525 1326 2602 exercitamque
1349 2522 1494 2584 tuendam
1516 2529 1613 2601 rapto
1634 2530 1705 2583 ute·

340 2631 450 2704 tatur,
482 2649 549 2691 non
579 2647 647 2689 enm
673 2647 737 2691 non
772 2629 943 2707 deperderet
970 2627 1164 2690 oindicotanr
1193 2628 1293 2689 araris
1323 2645 1363 2689 aa
1389 2628 1484 2690 dnctn
1510 2628 1620 2706 patria
1650 2628 1706 2688 sni

338 2745 425 2794 nare
447 2731 603 2811 infestare
622 2731 774 2810 piraticis
794 2729 977 2792 sceleritas.
1017 2727 1164 2792 lucanus
1180 2731 1210 2804 6,
1223 2728 1304 2792 422:
1330 2729 1455 2792 Simius
1470 2732 1593 2810 pirata.
1633 2726 1704 2790 ule

339 2855 394 2898 rus
418 2834 523 2909 218:
547 2833 601 2894 iile
625 2831 701 2908 (On.
725 2831 893 2916 Pompeius
915 2835 1026 2916 pater)
1052 2831 1172 2896 Cilicas
1195 2835 1393 2909 extinxerat,
1423 2835 1476 2896 iric
1497 2831 1587 2912 (Sex.
1610 2831 1702 2896 Pom-

339 2939 445 3023 peius)
468 2957 503 3000 se
523 2939 668 3016 piratico
691 2936 846 2999 tuebatur.
898 2935 1066 3020 Appianus
1090 2936 1120 3011 5,
1138 2938 1189 2999 77.
1207 2937 1251 3000 80
1278 2935 1368 3000 addit
1395 2936 1516 3020 piratas
1545 2933 1703 3019 quosdam

339 3041 507 3104 aCaesare
529 3041 637 3124 captos
661 3038 843 3120 quaestione
865 3038 978 3102 habita
999 3038 1158 3103 confessos
1181 3060 1250 3102 esse
1273 3038 1312 3102 de
1327 3039 1477 3124 Pompeio
1493 3039 1701 3103 consiliorum

339 3165 467 3208 suorum
492 3142 711 3224 scelerumque
735 3147 860 3204 auctore
882 3139 981 3223 idque
1003 3139 1167 3205 Caesarem
1193 3142 1294 3205 edicto
1316 3141 1433 3227 populo
1460 3141 1699 3224 significavisse.

340 3247 454 3331 Copias
484 3244 558 3311 Sex.
582 3245 725 3329 Pompeii
753 3243 922 3329 praecipue
951 3243 1087 3307 crevisse
1117 3245 1216 3308 servis
1239 3266 1279 3308 ex
1299 3245 1395 3309 Italia
1419 3243 1565 3326 frigitiris
1594 3251 1702 3308 narrat

340 3349 400 3412 llio
423 3351 476 3425 48,
496 3349 546 3424 19,
577 3347 712 3411 addens:
746 3351 881 3410 τοσοῦτοι
911 3347 949 3430 δὴ
977 3345 1183 3431 ηὐτομόλουν,
1219 3347 1298 3409 ὥστε
1326 3349 1377 3411 καὶ
1404 3348 1457 3416 τὰς
1483 3347 1702 3432 ἀειπαρθένους

341 3452 407 3522 καθ’
427 3453 513 3537 ἱερῶν
537 3449 679 3518 εὔξασθαι
702 3450 898 3535 ἐπισχεθῆναι
922 3453 1006 3535 σφῶν
1033 3448 1086 3518 τὰς
1115 3449 1293 3533 αὐτομολίας
1320 3452 1381 3529 (cl.
1404 3449 1488 3517 Plin.
1512 3452 1617 3528 28,2,
1635 3451 1699 3531 13).

338 3554 431 3620 Unde
446 3574 524 3639 pace
540 3552 713 3617 Misenensi
728 3552 828 3615 servis
847 3551 897 3615 his
914 3551 1082 3636 Pompeius
1096 3552 1277 3616 libertatem
1292 3553 1465 3638 stipulatus
1480 3560 1529 3618 est
1544 3555 1697 3639 (Appian.

338 3660 369 3722 b.
384 3681 413 3722 e.
430 3659 461 3736 5,
475 3659 532 3736 723
557 3655 722 3720 Drumann
739 3659 767 3730 1,
781 3655 872 3739 430).
910 3655 1042 3719 Devicta
1065 3664 1172 3720 autem
1193 3677 1265 3720 an.
1282 3659 1346 3722 718
1362 3657 1435 3722 Sex.
1451 3658 1606 3744 Pompeio
1628 3681 1700 3723 curn

339 3762 494 3826 exercitus
517 3761 586 3824 eius
610 3757 737 3822 Caesari
765 3778 799 3821 se
826 3759 1027 3836 tradidisset,
1059 3760 1174 3824 Caesar
1201 3761 1309 3825 missis
1335 3782 1393 3846 per
1420 3769 1525 3826 castra
1551 3763 1699 3848 epistulis

340 3864 513 3946 obsignatis
536 3862 647 3928 eadem
670 3861 722 3926 die
745 3862 924 3946 aperiendis
946 3864 1096 3947 1υγγὶιίνοο
1120 3885 1228 3930 omnes
1251 3865 1475 3950 comprehendi
1496 3867 1595 3932 iussit
1614 3874 1647 3933 et
1664 3868 1699 3932 in

337 3967 449 4031 urbem
472 3965 601 4042 adduci,
630 3965 687 4030 ubi
716 3964 847 4048 triginta
877 3965 968 4030 milia
996 3986 1105 4031 eorum
1133 3976 1320 4044 (numerum
1346 3969 1444 4034 habet
1464 3976 1592 4054 praeter
1613 3991 1697 4035 mon.

337 4071 452 4154 Ancyr.
471 4066 613 4147 Orosius)
637 4066 773 4132 dominis
797 4087 945 4133 eorumve
968 4070 1202 4134 suecessoribus
1225 4071 1259 4134 in
1274 4071 1368 4136 Italia
1383 4071 1533 4138 Siciliane
1548 4075 1699 4140 restituta

339 4178 423 4250 sunt,
446 4169 564 4254 reliqui
587 4170 627 4232 ad
650 4187 706 4231 sea
727 4169 818 4233 milia
840 4170 896 4254 qui
919 4171 1019 4255 agniti
1040 4191 1104 4235 non
1126 4181 1233 4237 essent
1255 4171 1293 4236 ad
1317 4196 1412 4240 sunm
1434 4175 1572 4259 quisque
1594 4197 1612 4242 e
1636 4197 1698 4262 quo

337 4274 501 4440 Βυΐυςογοι
529 4271 680 4357 oppidum
709 4273 742 4337 in
772 4293 896 4340 crucem
926 4277 991 4340 acti
1019 4275 1178 4360 (Appiae.
1202 4277 1234 4343 b.
1257 4299 1283 4340 c.
1309 4281 1338 4354 5,
1366 4281 1442 4359 1313
1474 4279 1564 4346 Oros.
1589 4283 1693 4361 6,18;

367 4376 396 4438 io
419 4379 440 4439 4
463 4377 564 4459 ,12)
