3734 5517
765 389 947 454 1111-11
1472 392 1534 456 103
1658 359 1666 380 ⁸

140 597 142 601 ·
178 561 253 626 inde
276 563 461 646 explicatur,
492 561 644 645 quodibi
667 583 780 628 corona
802 565 986 648 proponitur
1009 565 1111 630 forma
1130 566 1253 631 minore
1275 574 1307 631 ot
1327 585 1439 652 parum
1461 570 1537 649 tptn

179 665 414 732 messionibus
435 666 501 729 illis
525 666 723 750 recipiendis.
766 667 931 731 Praeterea
954 668 1165 733 certissimum
1188 678 1238 734 ost
1254 671 1350 734 ctiam
1366 689 1435 732 cam
1451 688 1536 732 coro·

179 789 263 844 nam,
288 789 369 851 quae
393 771 496 834 1727
521 770 554 834 11
576 770 669 834 domo
685 772 829 835 Palatina
844 771 996 836 collocata
1010 780 1068 850 est,
1092 789 1154 837 non
1169 795 1243 839 vere
1258 795 1410 858 quernam
1427 773 1535 846 luisse,

178 872 235 936 sed
260 893 299 936 ex
321 873 449 938 metallo
467 874 582 937 iactam
598 894 700 957 neque
716 875 842 939 omnino
859 893 973 939 corona
988 876 1143 940 eiusmodi
1158 879 1287 960 cogitari
1303 897 1397 962 posse
1412 875 1538 939 videtur

179 977 249 1040 sine
264 976 354 1042 vittis
370 998 451 1060 quae
466 997 569 1042 ramos
584 978 693 1061 ligent.
725 979 845 1042 Deinde
860 978 1003 1043 eiusdem
1018 981 1087 1065 typi
1103 982 1307 1065 eiusdemque
1321 978 1538 1064 inscriptionis

178 1080 259 1144 ratio
287 1087 374 1144 uetat
396 1080 521 1146 admitti
550 1082 629 1148 duas
657 1084 931 1168 interpretationes
955 1084 1038 1149 inter
1066 1105 1100 1149 se
1121 1085 1279 1163 diversas3
1310 1086 1395 1148 cives
1421 1089 1537 1157 autem,

179 1203 259 1266 quos
282 1183 431 1248 liberavit
453 1186 615 1266 Augustus
640 1208 667 1252 a.
680 1187 754 1262 734,
779 1187 903 1271 proprie
926 1187 1075 1252 dicuntur
1097 1208 1160 1252 non
1184 1192 1315 1264 semoti,
1340 1187 1396 1249 sed
1418 1188 1538 1265 recepti

178 1287 240 1362 vel,
263 1293 301 1350 nt
323 1293 372 1350 est
391 1288 426 1350 in
449 1309 577 1352 nummo
602 1289 735 1372 (Eclrhel
759 1290 789 1365 6,
806 1289 892 1372 101),
917 1294 1105 1370 renupserit.
1141 1292 1286 1374 Denique
1309 1309 1422 1354 corona
1444 1307 1539 1352 aurea

179 1411 253 1454 oum
283 1409 376 1454 curru
405 1390 544 1467 decreta,
574 1392 664 1456 ouius
687 1393 871 1456 memoriam
895 1394 1035 1457 servavit
1057 1395 1278 1472 Cassiodorus,
1309 1394 1400 1475 longo
1421 1375 1539 1456 rectius

176 1493 327 1575 iungetur
348 1513 421 1558 cum
442 1495 603 1579 triumpho
618 1497 761 1578 Augusto
778 1503 846 1560 tum
862 1496 1019 1561 destinato
1042 1498 1087 1580 (v.
1104 1497 1144 1561 ad
1163 1499 1281 1580 1,22);
1304 1497 1412 1579 itaque
1430 1495 1540 1571 laurea

178 1597 286 1681 potius
309 1583 435 1662 decreta
456 1606 505 1662 est
527 1619 622 1680 quem
646 1609 774 1682 querna
815 1599 850 1662 ld
873 1605 981 1664 autom
1003 1601 1087 1683 quod
1111 1602 1249 1666 maxime
1263 1599 1470 1682 Borghesium
1493 1597 1538 1660 vi-

178 1701 273 1764 detur
295 1700 442 1778 movisse,
473 1721 618 1766 coronam
645 1702 802 1766 decretam
826 1704 934 1767 1727
959 1703 1060 1768 multo
1083 1705 1210 1789 saepius
1234 1704 1320 1770 cerni
1342 1704 1376 1766 in
1398 1701 1538 1765 nummis

178 1811 339 1868 extremae
363 1804 475 1868 aetatis
499 1825 594 1888 quam
618 1805 686 1869 eius
715 1806 882 1890 temporis,
914 1827 976 1889 quo
999 1807 1126 1872 decreta
1147 1816 1212 1885 est,
1245 1829 1321 1872 sane
1343 1807 1461 1870 factum
1491 1810 1540 1867 est

180 1927 242 1972 non
278 1907 349 1971 sine
380 1927 476 1972 causa
509 1899 630 1972 idonea
652 1929 754 1990 neque
781 1915 888 1972 tamen
922 1929 961 1973 ea
987 1929 1083 1992 quam
1112 1912 1302 1994 Borghesius
1340 1905 1538 1990 excogitavit

179 2011 311 2075 Scilicet
337 2017 476 2073 extrema
504 2019 606 2076 aetate
630 2012 764 2093 Augusti
787 2012 992 2094 magistratus
1023 2013 1196 2078 monetales
1220 2033 1282 2077 non
1308 2020 1375 2076 tam
1402 2011 1539 2075 celebra·

180 2116 260 2179 bant
283 2115 441 2178 decretum
472 2116 577 2178 1727
609 2135 703 2197 quam
732 2115 1012 2199 repraesentabant
1038 2117 1167 2182 domum
1190 2119 1368 2199 Augustam
1395 2115 1454 2178 hoc
1482 2131 1539 2176 suo

178 2229 334 2301 tanquam
356 2217 474 2300 insigni
497 2238 628 2282 coronae
652 2239 789 2300 quernae
812 2219 1055 2302 laurearumque
1077 2220 1133 2303 (ei.
1151 2220 1219 2284 Vel.
1237 2220 1319 2283 Max.
1344 2220 1374 2294 2,
1392 2219 1422 2293 8,
1440 2220 1474 2278 71
1499 2217 1540 2278 ot

180 2327 268 2386 ciues
292 2331 439 2386 comoros
463 2342 583 2386 11111111
609 2333 720 2403 postes
745 2324 909 2418 Augustae
939 2325 1047 2387 domos
1075 2328 1268 2405 sempiterno
1294 2325 1402 2404 glorio
1431 2322 1539 2382 triurn—

176 2431 298 2509 ptont;
325 2423 563 2508 Ovidtrist3,
582 2429 609 2502 1,
627 2425 700 2510 35).
725 2459 766 2472 --
790 2427 909 2490 Lauros
933 2427 1051 2509 quibus
1073 2433 1179 2511 postes
1202 2425 1301 2490 vincti
1324 2430 1399 2488 sunt
1421 2422 1539 2507 optime

181 2528 333 2616 proponit
359 2549 507 2592 nummus
537 2550 633 2614 supra
660 2529 776 2593 citatus
806 2529 840 2592 L.
865 2529 990 2594 Caninii
1014 2530 1108 2594 Galli.
1167 2531 1320 2595 Coronam
1347 2529 1443 2592 fixam
1470 2545 1542 2589 esso

178 2653 279 2715 saper
300 2635 445 2710 tannem,
471 2634 607 2718 ineptire
630 2637 682 2696 τοῦ
704 2635 840 2703 πυλῶνος
869 2635 1033 2715 Augustus
1062 2633 1174 2698 scribit
1201 2633 1428 2715 confirmatque
1453 2628 1539 2692 idem

180 2735 266 2802 Calli
288 2755 451 2815 nummus;
478 2737 541 2800 fixe
564 2743 669 2800 autom
684 2736 754 2806 ,luit
769 2735 801 2800 in
818 2736 930 2800 domus
945 2735 1071 2818 fastigio
1095 2736 1198 2820 (Suet.
1215 2736 1324 2800 Claud.
1341 2738 1397 2812 173
1421 2733 1541 2796 Seneca

181 2841 220 2904 de
242 2839 334 2904 clem.
363 2842 391 2916 l,
406 2841 458 2917 26,
471 2841 507 2924 5)
532 2859 631 2922 eoque
653 2839 829 2904 rettulerim
855 2840 995 2922 aquilam
1018 2839 1052 2903 in
1074 2860 1204 2904 nummo
1228 2861 1256 2907 a.
1272 2841 1335 2904 727
1359 2838 1433 2902 huic
1456 2854 1540 2900 coro

180 2965 240 3009 nae
263 2944 474 3008 insistentem.
526 2943 606 3008 Nam
630 2943 792 3026 fastigium
817 2943 884 3008 sive
908 2950 1046 3020 aetoma,
1077 2963 1140 3027 quo
1167 2945 1260 3009 aedes
1285 2943 1413 3006 deorum
1437 2961 1457 3003 a
1477 2939 1540 3023 pri-

181 3049 265 3112 vatis
290 3047 581 3129 distinguebantur,
606 3057 641 3112 ut
664 3049 778 3112 Caesar
802 3047 861 3130 (cf.
887 3047 1051 3110 Drumann
1075 3047 1105 3124 3,
1122 3049 1186 3112 666
1211 3069 1241 3114 n.
1258 3049 1321 3130 33)
1344 3046 1391 3109 ita
1412 3041 1540 3106 omnino

183 3156 347 3234 Augustus
370 3169 495 3234 quoque
518 3151 656 3215 obtinuit
679 3158 710 3215 et
731 3152 864 3214 fortasse
885 3150 995 3215 eodem
1015 3151 1086 3234 ipso
1106 3158 1256 3235 tempore,
1281 3169 1344 3233 quo
1359 3165 1472 3212 corona
1487 3144 1539 3207 de

182 3262 267 3319 creta
289 3263 354 3331 est,
384 3255 550 3339 potuitque
581 3260 704 3318 eetoma
732 3255 765 3317 in
795 3274 924 3319 nummo
952 3261 1036 3347 reete
1059 3254 1288 3338 repraesentari
1309 3273 1365 3337 per
1387 3249 1538 3333 aquilam.

181 3359 423 3444 Inscriptionem
453 3364 558 3422 autem
585 3362 625 3422 ob
650 3362 733 3422 cioes
756 3341 903 3422 servatos
926 3377 1000 3421 vere
1023 3358 1136 3422 lectam
1159 3376 1228 3422 esse
1249 3358 1340 3421 iuxta
1362 3354 1412 3419 vel
1434 3351 1539 3437 potius

184 3463 268 3527 intra
294 3481 441 3528 coronam
468 3461 559 3526 testis
589 3469 637 3526 est
666 3468 789 3546 praeter
816 3480 963 3526 nummos
985 3460 1119 3525 Ovidius
1142 3460 1223 3525 trist.
1245 3461 1409 3537 3,1,47:
1442 3475 1541 3520 ceusu

183 3571 406 3649 superpositae
428 3570 551 3647 scripto
575 3576 710 3630 testante
734 3587 871 3630 coronae
894 3575 1042 3630 seruatos
1069 3567 1153 3631 eicos
1182 3569 1304 3630 indicet
1327 3566 1417 3626 tetus
1441 3580 1511 3639 ope.

293 3671 340 3733 De
370 3669 480 3753 clupeo
509 3669 659 3752 denique,
693 3669 818 3734 Graecis
844 3669 926 3755 ὅπλῳ
957 3668 1050 3752 (vide
1073 3669 1207 3733 Salmas.
1232 3668 1271 3732 ad
1293 3666 1392 3730 vitam
1414 3659 1541 3726 Claudii

185 3799 211 3838 c.
225 3777 244 3838 3
261 3773 574 3858 Stephanianumquo
589 3774 773 3838 thesaurum
790 3797 814 3837 1.
830 3775 887 3858 1.),
912 3774 1081 3858 scriptores
1096 3782 1210 3849 tacent,
1235 3770 1446 3836 meminerunt
1458 3765 1541 3850 lapi·

183 3878 241 3942 des
261 3877 458 3960 nummique.
493 3877 654 3943 Potentiae
677 3879 710 3942 in
728 3879 842 3942 Piceno
857 3878 976 3962 prodiit
997 3898 1098 3962 nuper
1119 3878 1232 3941 titulus
1246 3875 1432 3939 adservatus
1446 3869 1540 3934 hodie

185 3981 358 4045 Maceratae
385 3980 469 4064 apud
495 3982 708 4046 marchionem
735 3983 822 4046 Ricci
847 3981 996 4067 (Hennen
1019 3983 1145 4065 5361),
1174 3981 1208 4043 in
1236 4001 1297 4062 quo
1325 3979 1385 4042 sub
1411 3974 1540 4040 nomine

183 4083 360 4148 dedicantis
383 4085 433 4147 vel
457 4087 561 4169 potius
585 4086 799 4150 dedicantium
824 4087 948 4150 Primus
965 4089 1100 4149 Marc...
1129 4088 1220 4151 uroir.
1244 4083 1347 4168 Au[g.]
1368 4086 1539 4147 cernuntur

186 4187 341 4251 Victoriae
364 4188 445 4251 duae
468 4190 661 4254 sustinentes
685 4189 842 4272 clupeum,
870 4190 902 4252 in
929 4208 991 4271 quo
1013 4189 1125 4272 clupeo
1146 4188 1194 4251 sio
1215 4187 1367 4272 seriptum
1390 4184 1540 4263 111111-

185 4294 293 4373 notus)
319 4296 484 4376 ptopulus)
514 4295 599 4376 plue)
630 4293 815 4376 Rtonsones)
847 4296 990 4372 Auprrsto
1025 4295 1112 4356 dedit
1138 4293 1279 4373 clupeum
1305 4292 1432 4354 uirtutis
1460 4285 1539 4371 [epo-

184 4396 343 4481 [men]ti[oe
372 4395 534 4481 iusMitioe
560 4399 692 4478 pietatis
725 4396 848 4481 cousc]‚
878 4396 961 4458 sicut
988 4395 1105 4480 optime
1134 4395 1274 4458 restituit
1294 4391 1484 4475 'Borghesius
1505 4389 1539 4452 in

185 4498 385 4583 ephemeride
410 4499 643 4583 archaeologica
666 4499 818 4563 Gerhardi
846 4521 874 4562 a.
895 4502 978 4562 1644
1002 4521 1033 4583 p.
1044 4500 1118 4562 242.
1171 4498 1314 4562 Eundem
1336 4497 1483 4579 clupeum
1506 4493 1539 4556 in

186 4604 327 4667 nummis
355 4605 510 4668 habemus
539 4605 663 4688 (Coheu
688 4607 788 4668 165.
807 4607 859 4670 66.
881 4603 952 4667 166.
974 4606 1045 4667 181.
1066 4604 1137 4667 195.
1155 4603 1350 4667 218-228.
1368 4601 1470 4683 252),
1500 4598 1540 4660 de
1625 4614 1627 4617 ·

186 4707 306 4790 quibus
328 4717 458 4790 egerunt
480 4709 597 4772 11111111
620 4709 760 4788 (6,121)
785 4713 816 4771 11
837 4707 1029 4788 Borghesius
1053 4709 1139 4791 (opp.
1164 4705 1378 4779 111111.2,112
1403 4710 1434 4766 11
1456 4700 1540 4784 apud

186 4810 383 4876 Gerhardum
406 4811 428 4874 l.
445 4817 496 4892 1.).
537 4812 682 4876 Cernitur
696 4812 729 4874 in
746 4811 786 4875 iis
810 4811 849 4874 ab
870 4831 934 4874 una
950 4817 1037 4894 parte
1053 4816 1147 4893 caput
1162 4808 1297 4890 Augusti
1312 4806 1404 4871 modo
1420 4804 1540 4868 nudum
