3734 5517
214 500 349 561 romono
370 518 456 578 poor
479 499 507 563 le
530 499 725 578 dttromper:
752 502 833 561 mole
864 501 890 561 il
918 501 954 579 fit
978 503 1195 564 commodans
1219 504 1265 564 les
1289 504 1448 583 dispater,
1478 508 1503 567 it
1523 507 1574 586 fat

214 605 393 667 conccinca
416 603 454 665 de
476 621 516 665 so
537 604 708 681 simplicite
730 622 808 667 sone
831 624 867 666 ee
889 604 1022 678 rendre;
1052 613 1083 667 et
1106 624 1140 667 ce
1167 606 1219 685 fat
1239 602 1377 687 t’crpent
1399 625 1457 687 qne
1471 611 1508 687 pe
1530 611 1574 671 tet

214 708 336 769 daunai
362 707 468 785 plntbt
499 723 558 785 que
586 724 649 767 mes
678 708 916 769 ratramnemene
946 710 1000 787 qai
1026 715 1079 770 eat
1107 711 1140 771 lu
1162 709 1252 788 force
1275 711 1314 771 de
1337 712 1365 773 le
1384 714 1572 791 periander.

217 796 335 885 annd
357 811 382 871 ll
404 828 439 871 se
462 810 511 889 fat
534 810 703 871 dbtcrmint
726 813 809 872 dme
826 812 944 873 loisser
956 812 1095 890 prendre
1110 808 1335 894 l'inacription,
1358 815 1385 879 il
1398 812 1574 898 m'ossipno

214 914 262 975 tas
286 914 398 1003 beares
422 910 500 992 qn'r'l
522 921 592 974 orat
615 914 660 976 tes
680 915 754 991 plns
776 932 914 993 propres
934 934 1019 994 poar
1042 917 1075 977 tc
1099 917 1209 994 copier
1230 935 1309 979 suns
1333 921 1470 982 btreoa:
1493 941 1573 984 nona

214 1018 385 1079 cboisimes
410 1017 491 1080 donc
514 1018 558 1078 les
582 1018 763 1079 intervallos
787 1036 845 1099 qne
867 1020 913 1081 les
932 1017 1030 1081 Taras
1045 1038 1084 1081 ne
1097 1019 1243 1081 cieaaent
1254 1023 1349 1100 point
1363 1026 1385 1085 d
1400 1024 1433 1086 tu
1443 1027 1573 1104 priere5

213 1128 391 1183 antrement
404 1124 442 1200 je
465 1117 608 1183 n'oorois
631 1141 675 1200 pn
698 1142 735 1182 en
757 1124 849 1183 venir
871 1126 892 1183 d
913 1142 986 1184 mom
1008 1124 1159 1203 honneur,
1189 1130 1220 1185 at
1244 1131 1330 1187 tonte
1352 1146 1412 1189 aon
1435 1131 1574 1191 catorttb

212 1222 356 1289 m’onror't
379 1226 416 1286 de
439 1225 508 1286 rien
531 1227 616 1287 serat
640 1232 747 1287 contre
773 1226 805 1287 la
829 1226 975 1287 cenobite.
1021 1226 1059 1286 Je
1082 1230 1271 1305 commanent
1293 1232 1313 1289 d
1333 1232 1472 1309 prendre
1495 1240 1574 1295 cette

213 1327 298 1389 belle
326 1330 519 1408 inscription
549 1331 576 1390 le
603 1331 741 1407 premier
766 1328 962 1408 Septembre,
992 1337 1024 1390 et
1045 1333 1082 1409 je
1111 1328 1195 1392 n’eue
1217 1337 1314 1410 padre
1336 1330 1459 1397 dentre
1482 1355 1574 1398 occu-

209 1434 329 1511 pation
344 1429 477 1512 Jasqn'd
500 1452 534 1494 oe
557 1450 616 1511 qne
630 1435 667 1509 je
691 1430 802 1495 densae
824 1435 907 1511 finio.
954 1431 1030 1495 Post
1044 1431 1123 1494 alia:
1147 1434 1190 1495 Le
1206 1434 1259 1495 21.
1274 1431 1436 1513 j'ucbaoai
1460 1442 1498 1501 de
1521 1425 1573 1503 co-

208 1538 287 1615 pa'er
316 1534 528 1615 l'inscm‘ption
550 1536 673 1596 Latine.
730 1535 775 1597 On
796 1544 874 1615 pent
900 1537 987 1610 dire,
1016 1556 1094 1598 sons
1125 1538 1274 1600 erotndre
1302 1539 1340 1600 de
1363 1559 1397 1601 se
1421 1550 1571 1622 tromper,

210 1637 327 1719 qn'eltc
347 1648 395 1702 est
418 1642 590 1719 infinimcnt
609 1641 684 1718 plus
707 1648 818 1702 exacte
841 1637 933 1720 qu'on
956 1660 994 1702 ne
1020 1636 1067 1702 l’a
1086 1660 1150 1720 poa
1173 1661 1286 1703 encore
1309 1642 1437 1705 donaba.
1487 1644 1573 1709 Cena

211 1745 268 1824 qni
291 1762 326 1806 se
349 1745 526 1806 donneront
556 1744 589 1804 la
615 1745 708 1823 peine
736 1745 775 1804 de
798 1745 830 1805 lo
855 1744 1000 1824 conferor
1022 1762 1100 1805 eoec
1123 1745 1168 1806 lea
1190 1746 1379 1826 imprimbes,
1403 1767 1440 1809 en
1463 1760 1573 1812 serent

211 1849 369 1910 anast-tdt
393 1848 594 1911 comacinam.
639 1844 746 1928 Ipsam
770 1845 1008 1929 inscriptionem
1031 1844 1131 1909 edidit
1152 1846 1186 1910 in
1208 1846 1333 1910 itineris
1356 1847 1425 1912 eius
1448 1870 1572 1914 enarra-

210 1948 298 2013 tione
328 1950 471 2032 (oopope
494 1950 535 2011 dn
559 1950 652 2011 Siear
677 1950 757 2011 Paul
771 1951 875 2013 Lucos
898 1951 965 2031 fcit
987 1952 1069 2012 dona
1094 1952 1126 2013 lo
1150 1952 1265 2031 Gracc,
1297 1949 1401 2015 l'Aaie
1423 1957 1571 2036 mineare,

210 2055 247 2116 la
268 2054 454 2117 Mocbdm‘ne
475 2062 506 2115 et
530 2049 703 2133 t'Afriqne.
728 2050 859 2115 Parisiis
873 2053 970 2117 1712.
995 2052 1041 2134 8.)
1072 2052 1167 2115 volt
1194 2053 1229 2117 iu
1251 2053 1363 2117 tabula
1386 2056 1509 2120 adiecta
1531 2058 1572 2121 ad

209 2178 243 2241 p.
258 2156 333 2220 393.
369 2156 509 2238 Collegio
532 2155 757 2240 capuciuorum
781 2156 915 2219 fratrum
938 2155 1022 2238 quod
1040 2155 1194 2238 Smyrnae
1216 2162 1266 2221 est
1286 2163 1357 2221 tutu
1371 2160 1571 2244 praepositus

209 2260 376 2324 Ierotheus
393 2254 515 2324 a1706
532 2259 672 2324 narravit
688 2258 844 2325 Sherardo
863 2259 963 2343 (sicut
978 2260 1075 2324 refert
1090 2259 1235 2324 Ohishull
1251 2268 1316 2325 aut.
1333 2260 1434 2327 Asiat.
1451 2265 1570 2347 pltl)

209 2364 395 2448 exemplum
417 2384 437 2426 a
459 2370 631 2427 mercatore
647 2362 737 2426 Gallo
753 2361 783 2425 le
798 2363 898 2426 Favre
920 2364 1066 2446 Ancyrae
1088 2384 1146 2447 per
1168 2362 1291 2446 aliquot
1313 2384 1412 2429 anuos
1436 2386 1571 2431 commo-

208 2474 279 2531 rato
302 2466 403 2531 nitide
427 2467 621 2550 descriptum
644 2467 761 2530 Lucam
792 2468 831 2531 ab
861 2468 929 2531 eius
953 2467 1051 2531 vidua
1073 2466 1188 2529 emisse
1217 2465 1314 2549 idque
1337 2488 1393 2551 pro
1416 2488 1473 2533 suo
1495 2490 1571 2535 vau-

207 2570 380 2648 ditavisso;
405 2576 596 2656 quapropter
611 2571 715 2635 Lucae
738 2570 919 2655 exemplum
942 2592 1006 2634 uon
1021 2590 1091 2634 raro
1106 2570 1223 2634 dicitur
1237 2569 1439 2637 Fabriauum.
1474 2573 1571 2656 Equi-

208 2675 284 2739 dem
306 2682 412 2739 tameu
436 2674 537 2757 magis
560 2674 655 2738 fidem
678 2673 847 2738 habuerim
863 2675 976 2749 Lucae,
1002 2694 1096 2757 quem
1119 2673 1296 2737 veridicum
1317 2674 1478 2739 homiuem
1501 2697 1570 2741 esse

207 2780 347 2863 repperi,
371 2799 468 2861 quam
490 2778 619 2843 incertis
642 2779 823 2842 rumoribus
840 2778 1083 2862 Smyrnensium
1101 2778 1210 2842 relatis
1226 2797 1246 2841 a
1261 2777 1438 2844 Ghishullio
1460 2781 1570 2865 iniquo

208 2884 314 2947 Lucae
342 2883 560 2947 obtrectatore.
592 2920 632 2929 -
663 2882 851 2966 Exemplum
875 2882 979 2945 Lucae
1006 2884 1089 2946 inter
1112 2882 1292 2966 antiquiora
1318 2903 1418 2947 uuum
1441 2884 1570 2968 plenum

208 2998 268 3062 est,
292 3006 367 3050 cum
389 3004 463 3049 vere
486 2985 647 3049 contiueat
675 3006 730 3047 sex
753 2986 885 3069 paginas
915 2986 1082 3049 universas
1111 3006 1130 3048 a
1153 2986 1255 3070 eapite
1277 2985 1318 3049 ad
1342 2985 1461 3050 caleam
1482 2986 1570 3051 iudo·

206 3092 294 3153 fessa
315 3088 475 3155 industria
505 3096 667 3171 exceptas,
699 3096 737 3185 at
759 3089 901 3153 omnium
932 3109 1041 3153 eorum
1068 3089 1161 3171 louge
1190 3089 1408 3155 utilissimum.
1459 3090 1569 3174 Neque

206 3194 341 3279 paginas
365 3192 524 3277 separavit
547 3211 649 3274 neque
673 3192 820 3257 distinxit
843 3193 959 3277 capita,
984 3194 1040 3257 sed
1055 3214 1203 3257 versuum
1220 3192 1409 3256 diuisionem
1430 3212 1500 3257 raro
1517 3214 1569 3257 ne-

206 3298 307 3381 glexit
329 3304 362 3361 et
386 3296 470 3380 quod
493 3296 666 3359 maximum
691 3301 748 3371 est,
780 3296 868 3360 nullo
892 3297 960 3360 loco
988 3297 1209 3381 supplementa
1232 3296 1378 3370 obtrusit,
1410 3296 1467 3360 sed
1490 3317 1568 3379 quos

206 3401 271 3465 sibi
286 3400 378 3464 visus
396 3408 445 3464 est
461 3399 567 3463 videre
584 3398 697 3462 duetus
717 3419 769 3463 eos
787 3400 975 3484 simpliciter
990 3400 1248 3484 repraesentavit.
1275 3397 1356 3476 Quid
1374 3399 1570 3482 quodetiam
1657 3484 1660 3490 Ι

204 3504 388 3568 litterarum
411 3502 649 3586 deperditarum
672 3523 841 3567 numerum
856 3503 983 3587 punctis
999 3503 1112 3588 positis
1129 3503 1207 3566 satis
1224 3508 1367 3566 accurate
1381 3502 1568 3586 plerumque

203 3608 372 3671 indicavit.
411 3607 512 3683 Quare
529 3604 585 3668 ubi
601 3605 726 3689 antiqui
743 3604 901 3669 excitandi
918 3615 1002 3683 sunt,
1025 3604 1223 3670 redeundum
1240 3613 1289 3669 est
1303 3606 1368 3668 fere
1384 3606 1423 3669 ad
1440 3606 1566 3669 Lucam.

504 4000 541 4055 V.
594 3999 1001 4059 MORDTMANNIANVM
1036 3997 1274 4057 EXEMPLVM.

319 4134 557 4197 Mordtmaunus
579 4132 830 4215 Hamburgeusis
853 4130 1125 4215 Constantinopoli
1148 4129 1266 4211 degens
1289 4129 1364 4193 inde
1387 4126 1566 4192 academiae

200 4246 333 4304 nostrae
355 4238 447 4303 iussu
475 4256 584 4301 mense
607 4234 735 4299 Octobri
759 4256 786 4299 a.
806 4237 889 4301 1859
913 4238 1074 4317 Angoram
1096 4234 1255 4318 profectus
1279 4238 1341 4307 est,
1371 4230 1509 4295 maxime
1531 4239 1570 4295 ut

202 4344 345 4407 Graecae
360 4340 515 4404 versionis
531 4346 654 4424 partem
669 4339 834 4403 etiamtum
851 4339 1001 4405 latentem
1018 4339 1046 4403 si
1062 4338 1131 4401 fieri
1146 4343 1254 4423 posset
1268 4335 1436 4417 detegeret,
1453 4334 1568 4398 deinde

200 4445 307 4533 partis
323 4446 454 4510 Latinae
470 4451 502 4509 et
517 4444 732 4529 apographum
755 4449 787 4506 et
809 4450 957 4528 ectypum
964 4444 1083 4507 charta
1097 4440 1227 4506 madida
1241 4440 1361 4503 factum
1374 4444 1411 4501 ut
1426 4444 1566 4522 pararet3

201 4571 282 4615 uam
314 4550 348 4613 in
377 4549 540 4614 condendo
568 4568 649 4612 novo
672 4568 798 4632 corpore
826 4547 1070 4633 inscriptionum
1092 4545 1278 4611 Latinarum
1306 4549 1343 4605 ut
1364 4547 1568 4607 monumento

201 4656 375 4736 Ancyrano
406 4652 561 4737 explendo
591 4660 623 4715 et
651 4652 845 4717 restituendo
870 4658 943 4716 ante
972 4652 1079 4717 omnia
1107 4670 1203 4736 opera
1230 4648 1375 4723 daretur,
1405 4644 1568 4709 academia

201 4758 358 4821 decrerat.
397 4756 461 4821 Sed
484 4776 535 4819 res
560 4756 652 4819 nobis
669 4755 767 4819 cessit
788 4775 851 4819 nou
875 4776 913 4819 ex
937 4762 1019 4819 uoto.
1057 4756 1176 4819 Graeca
1199 4770 1280 4833 quae
1302 4749 1446 4813 latebant
1467 4756 1503 4810 ut
1524 4767 1571 4807 re

1322 4872 1361 4920 B*
