3734 5517
606 602 798 657 EXEMPLVM
820 605 1100 669 BVSBEQVIANVM.

87 748 185 809 'rerum
220 752 380 827 gestarum
419 743 486 808 diui
524 744 648 826 augusti
693 744 809 827 quibus
853 746 961 810 orbem
1002 754 1154 809 terrarum
1192 745 1323 830 imperio
1360 745 1469 830 populi
1505 746 1626 812 romani

100 848 214 913 subiecit
237 856 269 913 01
290 849 507 934 impensarum
531 868 610 931 quas
632 848 665 911 in
688 868 755 913 rem
773 848 938 933 publicam
957 849 1172 935 populumque
1187 870 1351 913 romanum
1365 850 1440 914 fecit
1454 849 1626 915 incisarum

99 955 124 1017 iu
161 954 283 1017 duabus
329 952 478 1016 ahaeneis
522 951 597 1037 pilis
643 973 723 1035 quae
768 959 843 1018 sunt
885 974 991 1019 romae
1004 954 1035 1039 ¹)
1078 954 1199 1039 positae
1244 953 1404 1039 exemplar
1448 954 1625 1019 subiectum

110 1062 154 1133 l,1
189 1076 288 1123 annos
326 1055 526 1139 undeuiginti
563 1064 657 1121 natus
699 1056 872 1123 0101011111
914 1058 1038 1143 priuato
1083 1058 1212 1123 consilio
1253 1064 1286 1122 et
1322 1059 1447 1143 priuata
1483 1058 1626 1144 impensa

191 1160 373 1246 comparaui
395 1165 505 1244 terque
527 1182 559 1225 m
583 1204 1222 1224 ....................
1268 1162 1413 1227 factionis
1443 1182 1625 1247 oppressam

189 1267 223 1330 in
246 1266 428 1331 libertatem
449 1265 613 1331 uindicaui
650 1310 1221 1328 ..................
1246 1266 1381 1331 decretis
1404 1266 1581 1332 honorificis
1593 1265 1624 1352 ²)

189 1370 331 1435 ordinem
355 1391 449 1434 suum
488 1414 1623 1433 ...................................

108 1581 154 1655 l,1
188 1579 395 1664 patriciorum
425 1598 591 1643 numerum
624 1578 699 1643 auxi
733 1579 842 1643 consul
880 1579 1027 1663 quintum
1059 1578 1150 1644 iussu
1180 1578 1290 1665 populi
1323 1585 1355 1644 01
1387 1585 1515 1644 0010100
1549 1600 1626 1643 sena

186 1690 257 1747 tum
285 1690 334 1748 101
363 1683 426 1765 legi
455 1689 486 1748 et
513 1683 547 1747 in
577 1683 743 1749 consulatu
771 1691 859 1749 00110
887 1704 1016 1749 censum
1043 1684 1153 1770 populi
1180 1684 1299 1766 collega
1312 1682 1343 1767 8)
1366 1704 1398 1747 m
1422 1684 1553 1769 agrippa
1576 1684 1625 1766 egi

188 1789 327 1853 lustrum
358 1794 430 1871 post
461 1808 578 1851 annum
613 1788 746 1852 alterum
780 1794 811 1855 et
843 1788 1162 1873 quadragesimum⁴)
1196 1788 1298 1871 leci³)
1333 1808 1395 1871 quo
1429 1788 1528 1853 lustro
1563 1789 1625 1852 ciui

87 1890 89 1955 V
188 1914 241 1956 um
282 1910 482 1957 romanorum
520 1892 639 1955 censita
676 1898 751 1957 sunt
787 1893 891 1978 capita
936 1893 1143 1977 quadragiens
1182 1898 1307 1957 centum
1344 1892 1448 1957 millia
1484 1900 1515 1956 et
1551 1914 1627 1957 0010

144 2016 156 2060 5
190 1998 278 2080 ginta
299 1995 362 2059 tria
422 2038 1193 2058 ........................
1246 2016 1317 2061 cum
1353 2018 1455 2082 nuper
1490 1996 1626 2061 lustrum

189 2101 276 2165 solus
300 2098 403 2184 facil)
427 2118 592 2163 censorum
621 2144 961 2165 ...........
991 2100 1114 2185 011107)
1143 2121 1195 2166 000
1225 2121 1287 2184 quo
1314 2100 1414 2165 lustro
1436 2122 1532 2165 censa
1553 2107 1627 2164 suut

157 2245 176 2269 „,
190 2205 309 2269 ciuium
347 2222 546 2267 romanorum
586 2248 925 2271 ...........
962 2205 1158 2289 quadragens
1188 2211 1314 2269 centum
1342 2205 1446 2269 millia
1472 2212 1503 2269 et
1525 2204 1626 2268 duoen

189 2316 222 2373 ta
254 2308 388 2391 triginta
420 2307 482 2372 tria
522 2352 760 2369 ........
785 2310 818 2373 in
842 2309 1007 2373 consulatu
1036 2310 1056 2371 fi
1081 2354 1088 2369 .
1113 2354 1121 2369 .
1146 2354 1154 2369 .
1179 2353 1187 2369 .
1211 2329 1282 2373 cum
1305 2308 1469 2394 nuperime
1490 2307 1627 2373 lustrum

87 2482 88 2489 χ
190 2435 261 2477 cum
285 2412 357 2494 lega
378 2411 491 2475 tiberio
522 2456 762 2473 ........
767 2479 769 2483 ,
788 2458 928 2474 .....
964 2421 1053 2477 0011.
1084 2413 1229 2498 pompeio
1252 2420 1394 2477 010011.
1424 2411 1550 2497 apuleio
1574 2432 1626 2476 cos

134 2537 157 2579 10
191 2537 250 2600 quo
287 2515 387 2581 lustro
421 2559 1127 2577 ......................
1155 2538 1222 2581 rom
1256 2517 1396 2602 capitum
1430 2514 1626 2599 quadrageno

190 2626 318 2685 centum
340 2618 397 2681 mil
421 2663 1226 2682 .........................
1249 2622 1350 2703 iginta
1372 2627 1404 2684 et
1425 2626 1547 2705 septem
1569 2619 1626 2683 mil

87 2730 88 2739 ’
190 2722 274 2809 legip
310 2742 352 2785 no
1065 2724 1209 2809 exempla
1237 2726 1392 2788 maiorum
1418 2723 1629 2788 0101000011ἰο

189 2831 252 2893 iam
275 2848 316 2891 01
338 2846 395 2891 100
423 2871 1026 2890 ...................
1062 2828 1234 2893 multarum
1262 2849 1367 2893 rerum
1397 2827 1542 2912 exempla
1569 2828 1629 2891 imi

101 3142 153 3218 3,1
188 3141 315 3206 honoris
344 3138 406 3202 mei
434 3138 571 3222 causa⁸)
602 3144 730 3204 senatus
764 3140 963 3225 populusque
993 3160 1141 3205 romanus
1174 3160 1292 3204 annum
1320 3140 1465 3223 quintum
1495 3144 1527 3201 01
1557 3138 1626 3201 deci

188 3267 276 3309 mum
311 3242 433 3325 agentis
467 3242 605 3306 consulis
637 3242 857 3327 designauit⁹)
891 3251 928 3308 ut
956 3265 1028 3308 cum
1056 3244 1275 3327 magistratum
1303 3243 1422 3307 inirent
1449 3248 1521 3327 post
1549 3242 1627 3325 quin

189 3348 364 3434 quennium
377 3344 419 3430 ¹⁰)
455 3368 494 3411 01
530 3366 565 3411 00
603 3346 653 3411 die
689 3346 750 3412 duo
790 3347 917 3413 deducti
929 3346 972 3434 ¹¹)
1010 3350 1045 3413 in
1077 3369 1224 3413 eorumne
1265 3348 1455 3413 interessent
1485 3347 1626 3411 consiliis

189 3452 328 3539 publicis
381 3449 521 3515 decreuit
576 3457 704 3517 senatus
760 3453 881 3535 equitas
932 3459 1038 3517 autem
1088 3452 1211 3517 romani
1259 3452 1402 3516 uniuersi
1452 3451 1628 3536 principem

141 3578 154 3622 s
188 3599 1057 3621 ...........................
1088 3556 1189 3621 hastis
1221 3556 1376 3639 argenteis
1407 3556 1556 3621 donatum
1587 3577 1626 3640 ap

186 3663 391 3749 pellauerunt

185 3767 260 3833 libri
290 3763 414 3829 romani
435 3762 556 3828 uiritim
584 3807 924 3826 ...........
955 3783 1047 3829 00100
1069 3765 1234 3830 numerani
1256 3786 1294 3828 01
1317 3770 1504 3829 testamento
1527 3762 1626 3849 patris

185 3872 249 3937 mei
273 3876 305 3935 et
326 3866 500 3953 nominiss)
522 3887 592 3933 meo
616 3912 856 3931 ........
887 3869 1054 3952 dringenos
1084 3891 1123 3933 ex
1151 3869 1306 3934 bellorum
1332 3869 1493 3933 manubiis
1516 3868 1627 3933 consul

87 3986 89 3991 ’
186 3976 337 4060 quintum
396 3971 470 4037 dedi
528 3973 643 4037 iterum
703 3979 807 4039 autem
863 3974 896 4038 in
952 3974 1116 4039 consulatu
1172 3974 1292 4038 decimo
1348 3994 1387 4037 01
1437 3974 1626 4059 patrimonio

130 4098 154 4141 10
184 4100 255 4145 meo
298 4077 348 4142 bis
390 4076 620 4161 quadringenos
657 4078 795 4161 congiari
835 4079 957 4146 uiritim
992 4080 1121 4160 iterum
1145 4099 1216 4143 aere
1253 4080 1355 4145 merui
1367 4078 1408 4163 ω)
1447 4085 1478 4143 et
1516 4080 1626 4143 consul

184 4184 402 4249 undecumum
424 4179 467 4265 ¹⁴)
525 4179 690 4246 duodecim
745 4182 1005 4247 frumentationes
1060 4184 1217 4247 frumento
1272 4183 1421 4267 priuatim
1470 4183 1626 4267 columpio

186 4307 338 4355 emensus
356 4284 395 4369 ¹⁶)
456 4306 527 4349 sum
587 4291 619 4350 et
676 4285 847 4351 tribunicia
903 4293 1061 4371 potestate
1120 4286 1340 4352 duodecimum
1396 4286 1626 4369 quadringenos

174 4556 195 4619 ¹)
211 4571 335 4609 romaeae
359 4555 382 4605 V
479 4546 506 4619 ²)
524 4554 550 4607 in
570 4556 615 4606 ias.
633 4574 648 4605 v
742 4552 769 4615 3)
789 4555 929 4623 conlegae
1023 4553 1050 4617 ⁴)
1069 4556 1345 4625 quadragensimumv
1448 4554 1625 4616 5)1“110.ι”000

87 4646 230 4705 0010010000
249 4644 303 4711 legi
328 4642 353 4693 V
532 4640 558 4703 6)
587 4643 631 4695 ine.
651 4644 717 4693 intra
731 4643 888 4707 parentleacs
910 4642 964 4710 lagi
986 4643 1012 4693 V
1170 4639 1199 4705 7)
1227 4658 1258 4696 00
1277 4655 1333 4695 ante
1350 4643 1418 4695 01110
1442 4652 1581 4709 expunctum
1605 4642 1630 4691 V

87 4722 107 4787 Ι)
127 4743 214 4783 caussa
231 4750 247 4781 o
405 4723 431 4791 ⁹)
455 4726 597 4794 disignavit
613 4748 628 4778 o
773 4725 808 4790 ¹⁰)
827 4732 854 4781 01
872 4730 916 4780 ins.
936 4748 952 4779 o
1092 4725 1130 4790 ¹¹)
1210 4732 1255 4781 ins,
1274 4750 1289 4780 υ
1431 4711 1591 4792 ¹²)‘nomine
1609 4747 1624 4778 v

87 4810 119 4877 ⁵⁸)
140 4830 221 4869 aarum
241 4814 297 4868 erui
314 4834 329 4865 v
449 4810 486 4877 ¹⁴)
506 4813 670 4867 undecimum
688 4834 702 4865 v
822 4811 859 4876 1³)
878 4818 998 4882 coempto
1017 4814 1149 4868 dimensus
1167 4835 1182 4865 v
