3734 5517
762 920 825 995 Ill.
874 921 1030 996 INDEX
1053 921 1331 997 VERBORVM.

720 1218 777 1294 De
812 1221 1075 1319 orthographia
1105 1221 1370 1295 commentarii.

480 1415 589 1479 Sermo
613 1414 828 1479 commentarii
852 1414 1034 1480 commodus
1057 1423 1090 1479 et
1110 1415 1297 1501 perspicuus
1319 1397 1447 1500 prorsus
1470 1418 1635 1483 confirmat
1652 1425 1721 1484 tam

370 1520 455 1605 quod
478 1520 517 1584 de
540 1527 665 1584 auctore
688 1518 798 1582 scribit
814 1518 983 1584 Suetonius
999 1541 1026 1584 e.
1039 1521 1081 1584 86
1104 1541 1178 1584 eum
1192 1526 1337 1584 secutum
1351 1541 1421 1584 esse
1436 1540 1535 1603 genus
1550 1521 1719 1604 eloquendi

369 1625 496 1708 elegans
519 1630 551 1690 et
571 1631 782 1708 temperatum
803 1624 911 1688 vitatis
935 1625 1163 1692 sententiarum
1184 1624 1314 1708 ineptiis
1337 1630 1432 1708 atque
1454 1624 1665 1691 concinnitate
1689 1636 1719 1690 et

368 1730 571 1817 praecipuam
600 1749 708 1792 curam
738 1727 867 1792 duxisse
896 1751 1026 1793 sensum
1054 1716 1155 1793 animi
1182 1751 1279 1812 quam
1306 1729 1505 1814 apertissime
1532 1731 1717 1814 exprimere,

370 1857 466 1920 quam
495 1833 580 1918 qnod
607 1832 653 1896 ait
674 1831 789 1896 Fronto
813 1831 868 1916 (ad
891 1833 1009 1899 Verum
1031 1854 1081 1923 ep.
1095 1833 1129 1915 l)
1158 1854 1231 1901 eum
1257 1833 1438 1919 praeditum
1464 1834 1565 1901 fuisse
1593 1835 1718 1918 linguae

369 1939 466 2004 etiam
493 1945 562 2001 tum
595 1936 717 2018 integro
754 1935 860 2021 lepore
887 1936 993 2022 potius
1023 1957 1119 2025 quam
1147 1936 1273 2008 dicendi
1299 1937 1453 2007 abactae.
1511 1937 1602 2016 Quod
1630 1939 1719 2004 addit

369 2042 538 2108 Suetonius
551 2043 731 2123 Augustum
745 2059 849 2122 neque
864 2040 1112 2124 praepositiones
1127 2039 1262 2107 urbibus
1278 2041 1394 2112 addere
1409 2041 1605 2112 dubitavisse
1615 2065 1718 2126 neque
1774 2060 1775 2067 ¹

368 2144 603 2212 coniunctiones
626 2143 754 2232 saepius
769 2143 892 2222 iterare,
917 2165 1025 2211 eorum
1044 2143 1126 2217 illud
1142 2146 1385 2220 commentarius
1402 2146 1633 2230 quodammodo
1648 2169 1718 2215 eon-
1774 2224 1775 2235 χ

367 2254 487 2328 firmat,
508 2271 589 2313 cum
616 2267 688 2311 vm.
704 2267 733 2310 aa
759 2247 806 2311 ibi
834 2248 957 2330 legatur
983 2259 1162 2330 peruentum
1189 2271 1260 2313 esse
1287 2251 1332 2317 ad
1358 2254 1506 2332 oppidum
1529 2252 1659 2318 Nabata
1688 2262 1719 2316 et
1774 2254 1775 2321 i

367 2361 411 2422 od
438 2356 586 2439 oppidum
614 2354 750 2416 Mariba.
803 2351 847 2416 Ut
875 2353 1026 2437 oppidum
1054 2353 1106 2418 hic
1134 2354 1277 2430 additur,
1306 2354 1354 2418 ita
1381 2354 1474 2418 Albis
1502 2374 1581 2431 vra,
1609 2355 1718 2420 Danu-

367 2462 438 2526 vius
467 2478 538 2536 vsa,
572 2455 689 2521 Tanais
719 2473 780 2520 uss
807 2476 870 2519 non
899 2457 1101 2522 nominantur
1129 2458 1193 2525 nisi
1222 2457 1329 2524 addito
1352 2457 1447 2521 lluvio
1477 2458 1544 2522 sive
1572 2459 1717 2537 fiumine;

368 2583 561 2649 quamquam
582 2579 645 2623 ιιι
668 2557 854 2644 simpliciter
876 2561 1058 2625 enuntiatur
1077 2561 1216 2625 Rhenus.
1260 2545 1415 2626 Similiter
1443 2562 1476 2624 in
1499 2563 1717 2628 numeralibus

366 2670 400 2733 id
424 2667 507 2752 quod
531 2672 579 2730 est
599 2666 701 2727 millia
723 2669 754 2728 et
777 2663 904 2728 additur
926 2671 958 2727 et
978 2666 1131 2749 repetitur
1152 2672 1277 2750 praeter
1292 2665 1514 2730 necessitatem
1530 2666 1564 2729 in
1578 2666 1715 2732 talibus:

367 2773 580 2856 quadragiens
610 2778 728 2834 eentum
749 2771 850 2831 millio
872 2778 903 2832 et
925 2772 1095 2850 sexaginta
1118 2775 1183 2833 tria
1204 2772 1306 2834 millia
1328 2771 1378 2855 (v.
1402 2791 1434 2854 p.
1448 2769 1512 2856 22)
1536 2771 1716 2858 pariterque

367 2876 516 2942 scribitur
537 2894 565 2938 ιι
582 2892 611 2938 34
634 2875 682 2936 bie
705 2894 771 2936 meo
794 2875 916 2938 nomiae
939 2883 970 2936 et
992 2877 1262 2956 tertiam.nepotie
1284 2878 1345 2937 met
1366 2877 1499 2940 nomine.
1551 2862 1716 2941 Praeterea

367 2981 481 3046 adnoto
503 2977 566 3062 legi
589 2997 617 3042 ιι
632 2996 660 3041 50
689 2998 755 3040 cum
777 2996 856 3058 quo,
885 2997 950 3040 non
971 2998 1121 3058 paucam
1151 2997 1169 3044 ιι
1185 2997 1199 3040 e
1215 2979 1269 3062 (cf.
1285 2980 1349 3065 ιιι)
1374 2981 1485 3046 civium
1505 2982 1715 3046 Romanorum

366 3087 476 3168 cupita
503 3088 550 3147 tot
576 3083 694 3159 millio,
725 3101 796 3144 cum
825 3100 845 3145 ιι
861 3100 890 3144 ιο
918 3081 961 3144 sit
990 3084 1102 3146 civium
1124 3082 1337 3147 Romanorum
1360 3087 1498 3165 capitam
1527 3090 1574 3149 tot
1602 3090 1712 3152 millia.

366 3189 457 3268 Quod
487 3189 601 3253 attinet
629 3187 668 3251 ad
698 3187 828 3252 nomina
853 3185 996 3271 propria,
1027 3194 1157 3272 apparet
1184 3187 1370 3272 splendidae
1396 3187 1527 3270 originis
1552 3188 1714 3255 hominurn

365 3294 472 3380 potius
503 3295 598 3377 quam
627 3291 756 3357 nomina
778 3291 923 3375 usurpari
952 3293 1146 3374 cognomina,
1178 3292 1287 3374 qualia
1302 3293 1539 3357 sunttlrassus
1562 3293 1714 3360 Lentulus

365 3398 505 3484 Lepidus
521 3397 689 3460 Marcellus
704 3395 786 3460 Nero
801 3396 874 3460 Piso
891 3395 1020 3460 Silanus
1043 3396 1116 3473 alia,
1141 3404 1250 3460 eontra
1272 3415 1341 3460 esse
1363 3397 1397 3460 ln
1419 3395 1602 3461 hominibus
1623 3402 1714 3463 novis
1774 3394 1775 3471 l

364 3504 416 3569 vel
439 3500 615 3567 nobilitatis
637 3501 742 3564 minus
766 3501 967 3585 conspicuae,
996 3507 1033 3565 ut
1055 3501 1089 3565 in
1111 3501 1261 3565 Antistiis
1283 3499 1461 3577 Veteribus,
1485 3501 1634 3566 Calvisiis
1658 3504 1713 3567 Sa·

364 3609 460 3686 binis,
497 3604 640 3672 Caniniis
670 3604 779 3680 Gallis,
808 3605 923 3670 Laeliis
946 3605 1067 3683 Balbis,
1103 3605 1258 3669 Lucretiis
1281 3606 1402 3682 Cinnis,
1432 3604 1593 3670 Passienis
1615 3607 1712 3683 Rufis,

365 3710 529 3789 Quintiliis
544 3709 652 3786 Varis,
683 3707 833 3792 Sulpiciis
856 3709 1027 3787 Quiriniis,
1050 3709 1172 3792 Valgiis
1194 3710 1294 3774 Rufis.
1341 3709 1514 3776 Consulum
1535 3710 1626 3794 paria
1646 3712 1714 3796 ple-

363 3836 497 3898 rumque
520 3819 680 3900 ponuntur
703 3807 825 3879 adiecta
848 3814 961 3897 copula
975 3834 1061 3878 more
1076 3814 1256 3891 recentiore,
1281 3813 1377 3878 etiam
1392 3813 1450 3878 ubi
1463 3814 1638 3896 iunguntur
1652 3815 1714 3880 duo
1774 3830 1775 3883 ξ

364 3919 540 4003 gentilicia3
577 3916 732 3983 omittitur
768 3917 881 4003 copula
900 3917 1010 3994 tribus
1038 3917 1117 3982 locis
1144 3937 1165 3981 ιι
1180 3937 1220 3984 aa.
1236 3936 1274 3982 aa.
1310 3937 1339 3981 ιι
1353 3936 1392 3982 aa
1444 3918 1647 3983 Iterationem
1681 3920 1713 3983 in

364 4023 582 4090 consulatibus
610 4022 788 4088 indicandis
812 4023 910 4088 semel
933 4024 1084 4088 omissam
1106 4023 1285 4088 invenimus
1311 4041 1343 4087 ιιι
1358 4041 1387 4086 aa
1408 4022 1443 4088 in
1458 4021 1509 4087 Ti.
1521 4022 1643 4086 Nerone
1664 4023 1715 4087 vel

257 4121 258 4126 ’
364 4127 494 4212 antique
519 4127 564 4209 (v.
581 4125 700 4190 0.1.L.
717 4126 732 4189 I
747 4147 778 4188 n.
788 4127 862 4192 539.
873 4127 973 4192 615.7
978 4127 1034 4207 21)
1057 4127 1110 4190 vel
1132 4126 1342 4209 neglegenter.

474 4231 573 4296 Notae
604 4229 802 4314 reperiuntur
830 4231 894 4294 fere
924 4229 1041 4294 nullae.
1093 4229 1175 4294 Nam
1204 4229 1272 4293 sola
1300 4227 1505 4314 praenomina
1534 4228 1714 4293 scribuntur

363 4357 419 4423 per
453 4335 547 4400 solita
576 4332 764 4418 conpendia,
802 4353 996 4417 quamquam
1032 4331 1083 4398 his
1111 4353 1236 4416 quoque
1271 4332 1427 4398 abstinuit
1455 4333 1588 4418 scriptor
1625 4353 1647 4396 ιι
1666 4352 1710 4410 4⁶3

319 4463 327 4484 ι
363 4447 526 4527 praeterea
549 4458 620 4503 cum
644 4437 707 4501 alia
730 4458 811 4521 quae
834 4437 937 4504 notari
960 4438 1063 4502 solent
1085 4445 1154 4503 tum
1175 4437 1240 4522 ipsi
1261 4437 1385 4506 numeri
1411 4435 1599 4520 plerumque
1620 4436 1713 4520 plene

363 4544 546 4610 scribuntur
575 4562 632 4606 nec
661 4542 777 4607 adsunt
799 4541 862 4606 uisi
889 4563 946 4626 per
976 4540 1192 4626 exceptionem
1213 4543 1295 4622 Aug.
1319 4539 1418 4603 semel
1446 4540 1481 4604 in
1509 4541 1572 4604 line
1600 4561 1711 4604 versus

329 4696 335 4706 »
362 4670 392 4716 ιι
406 4669 450 4730 2⁶3
480 4670 507 4713 a.
525 4646 552 4715 e'.
573 4648 649 4712 item
672 4646 770 4711 semel
792 4666 821 4709 vr
837 4664 881 4723 273
912 4667 977 4710 coa.
1001 4646 1185 4729 quinquies3
1216 4665 1258 4708 us
1272 4644 1349 4709 item
1365 4643 1550 4728 quinquies3
1575 4642 1712 4726 denique
1774 4632 1775 4661 ¹

361 4775 480 4841 paucae
497 4751 652 4838 quaedam
667 4758 759 4815 notae
775 4748 964 4813 numerales.
1004 4748 1136 4814 Accedit
1150 4750 1310 4833 Romteni)
1325 4749 1359 4812 in
1373 4745 1556 4813 indiciam
1571 4753 1710 4812 erbemo
1774 4786 1775 4833 ;
