3734 5517
756 349 801 414 Vl‚
819 349 835 402 6
850 375 882 385 -
898 350 929 402 12
1478 351 1519 412 95

163 523 232 588 Non
263 522 410 588 absimile
440 522 507 586 veri
534 529 583 588 est
618 523 809 606 legationem
837 522 1040 599 Parthorum,
1074 543 1157 606 quae
1189 523 1347 588 mandatis
1377 524 1520 604 Angusto

160 629 280 693 Romae
302 627 435 694 redditis
470 626 633 692 Tiberium
665 646 789 710 quoque
819 626 853 690 in
882 626 1046 711 provincia
1074 626 1160 690 adire
1188 628 1277 692 iussa
1299 632 1347 690 est
1369 625 1519 708 (Sueten.

161 731 232 794 Tib.
254 731 320 816 16),
344 731 425 795 hano
447 729 551 814 ipsam
574 753 660 808 esse;
686 731 770 814 quod
793 730 821 794 si
843 731 889 794 ita
911 738 969 806 est,
993 730 1101 793 Parthi
1117 730 1279 794 Vononem
1300 749 1404 812 regem
1420 750 1520 792 arces·

161 835 306 899 siverunt
334 835 416 900 inter
446 855 472 898 a.
491 836 553 899 757
579 842 611 902 et
634 837 707 900 759.
754 834 888 900 Omnino
917 835 1030 898 horum
1064 855 1174 917 regum
1206 842 1292 898 aetas
1328 853 1440 917 parum
1468 831 1520 894 de-

159 937 245 1000 finiri
274 943 389 1023 potest.
449 938 599 1004 Phraates
627 938 738 1004 Orodis
768 941 790 1003 f.
821 960 875 1003 rex
904 941 1006 1002 factus
1030 961 1057 1004 a.
1073 960 1105 1002 u.
1128 959 1154 1002 c.
1179 942 1241 1003 717
1271 938 1352 1022 (Dio
1375 939 1434 1012 49,
1457 935 1519 1016 23)

161 1048 324 1125 superstas
349 1042 451 1106 adhuc
475 1063 502 1104 a.
521 1044 584 1106 745
615 1042 703 1126 (vide
727 1042 766 1106 ad
790 1045 820 1120 6,
839 1044 874 1127 3)
903 1063 968 1106 non
996 1042 1042 1108 ita
1069 1042 1171 1106 multo
1197 1047 1268 1126 post
1290 1039 1415 1104 videtur
1437 1038 1521 1101 diem

161 1143 296 1221 obiisse,
332 1151 396 1210 tres
434 1145 549 1209 deinde
584 1145 639 1230 qui
672 1153 744 1231 post
778 1167 850 1210 eum
879 1154 1034 1211 venerunt
1062 1168 1151 1229 reges
1184 1147 1373 1209 Phraataces
1403 1141 1520 1207 Orodes

161 1247 309 1312 Vonones
332 1248 379 1313 ita
401 1269 436 1313 se
459 1249 636 1334 excepisse,
666 1256 701 1314 ut
723 1250 779 1333 qui
802 1259 980 1335 postremus
1003 1250 1065 1314 luit
1087 1251 1231 1314 Vonones
1255 1250 1327 1314 vivo
1356 1248 1521 1311 etiamtum

160 1353 307 1434 Augusto
330 1373 460 1436 regnare
483 1353 636 1436 inceperit
658 1361 690 1418 et
712 1353 851 1436 quidem,
876 1354 904 1418 si
928 1361 1012 1418 recte
1035 1373 1131 1437 supra
1152 1352 1354 1427 coniecimus,
1384 1369 1412 1416 c.
1435 1371 1464 1412 a.
1487 1368 1520 1411 u.

162 1477 186 1521 ο.
214 1456 291 1521 758.

274 1558 436 1624 Medorum
466 1580 517 1624 res
546 1580 602 1644 per
631 1561 712 1624 hanc
743 1567 878 1626 aetatem
908 1581 1023 1646 parum
1049 1559 1227 1624 illustratae
1256 1566 1332 1622 sunt
1363 1578 1422 1620 nec
1450 1562 1522 1618 acta

161 1682 309 1744 agemus,
339 1662 396 1726 ubi
425 1682 507 1746 quae
537 1663 575 1726 de
598 1663 638 1726 iis
668 1663 837 1728 traduntur
864 1663 922 1730 hoo
950 1664 1019 1728 loco
1049 1662 1277 1745 collegerimus.
1323 1659 1521 1742 Intellegitur

162 1765 271 1829 Media
292 1765 590 1850 Atropateneinter
613 1767 797 1831 Armeniam
820 1767 1072 1849 Parthorumque
1095 1787 1227 1848 regnum
1249 1764 1450 1849 interposita,
1482 1763 1521 1827 de

161 1889 229 1952 qua
258 1868 373 1932 Strabo
399 1869 554 1946 11,13,1
580 1891 612 1954 p.
629 1871 692 1934 523
721 1877 888 1954 postquam
918 1871 1060 1935 narravit
1088 1872 1260 1955 Atropaten
1291 1869 1372 1932 hano
1400 1867 1522 1931 Mediae

160 1973 332 2036 universae
354 1971 550 2055 provinciam
581 1995 599 2036 a
622 1973 846 2038 Macedonibus
875 1973 1056 2038 defendisse
1085 1981 1116 2036 et
1144 1995 1250 2055 regem
1276 1979 1443 2057 propterea
1469 1992 1522 2054 ap·

159 2074 320 2159 pellatum
342 2073 506 2159 proprium
529 2075 603 2138 inde
627 2095 759 2158 regnum
782 2075 923 2139 effecisse
947 2075 1103 2163 (βασιλεὺς
1125 2077 1338 2161 ἀναγορευθεὶς
1358 2076 1417 2159 ἰδίᾳ
1437 2074 1522 2138 cove-

160 2179 231 2249 ταξε
256 2177 330 2242 καθ’
351 2177 443 2260 αὑτὴν
467 2179 519 2260 τὴν
543 2181 645 2264 χώραν
669 2179 806 2264 ταύτην),
830 2179 876 2243 ita
898 2179 1015 2263 pergit:
1038 2180 1090 2242 aul
1109 2180 1128 2262 ἡ
1145 2179 1272 2263 διαδοχὴ
1289 2181 1417 2250 σώζεται
1434 2179 1523 2263 μέχρι

161 2287 210 2346 νῦν
238 2283 271 2352 ἐξ
297 2281 431 2359 ἐκείνου,
458 2280 533 2366 πρός
555 2307 588 2346 τε
612 2282 680 2352 τοὺς
700 2281 859 2368 Ἀρμενίων
885 2282 1028 2370 βασιλέας
1050 2282 1260 2368 ποιησαμένων
1284 2283 1442 2365 ἐπιγαμίας
1463 2287 1521 2344 τῶν

162 2387 287 2472 ὕστερον
310 2385 363 2449 καὶ
377 2383 481 2470 Σύριον
504 2387 555 2450 καὶ
578 2387 653 2471 μετὰ
675 2391 769 2451 ταῦτα
793 2385 986 2471 Παρθυαίων.
1029 2389 1145 2452 Aula
1169 2407 1242 2450 oum
1256 2386 1414 2450 Antonius
1436 2406 1522 2448 exer-

162 2492 265 2556 citum
290 2489 474 2554 duceretis
498 2489 630 2555 Parthos
655 2491 737 2556 socio
761 2491 939 2554 Artavazde
961 2511 1033 2571 rege
1048 2490 1281 2566 Armeniorum,
1305 2488 1447 2553 eiusdem
1469 2508 1522 2552 no·
1552 2506 1559 2520 ·

161 2594 263 2660 minis
288 2594 452 2658 Medorum
475 2614 530 2657 rex
553 2596 713 2660 Armeniis
745 2596 889 2660 infensus
913 2595 1096 2659 societatem
1118 2595 1194 2658 fecit
1215 2582 1288 2657 cum
1311 2593 1435 2656 Parthis
1458 2593 1524 2656 bel-

160 2698 297 2780 lumque
321 2717 356 2760 eo
381 2717 462 2761 anno
485 2704 608 2779 gestum
632 2707 680 2762 est
695 2699 832 2763 maxime
848 2699 882 2762 in
899 2699 971 2784 ipsa
985 2701 1178 2782 Atropatene
1195 2697 1375 2781 (Drumann
1394 2701 1421 2774 l,
1433 2697 1523 2779 453).

160 2803 319 2885 Regresso
342 2803 417 2866 inde
439 2810 511 2887 post
533 2823 663 2885 magnas
687 2802 791 2868 clades
815 2803 953 2868 Antonio
975 2809 1130 2887 ruptoque
1152 2823 1200 2879 re,
1228 2821 1291 2865 non
1314 2801 1440 2865 nomine
1461 2802 1524 2864 foe-

159 2906 238 2970 dere
255 2927 329 2970 cum
345 2905 512 2983 Armeniis,
537 2907 593 2988 qui
608 2907 764 2972 Romanos
781 2907 881 2970 socios
896 2905 1114 2991 prodidissent
1130 2912 1161 2969 et
1176 2905 1400 2981 deseruissent,
1424 2907 1478 2968 ο.7
1485 2907 1524 2968 19

160 3010 332 3074 Medorum
354 3031 410 3074 rex
429 3009 559 3074 Phraati
581 3017 709 3094 propter
731 3011 884 3075 iniustam
906 3010 1042 3094 praedae
1065 3009 1255 3073 divisionem
1276 3029 1464 3073 succensens
1486 3008 1525 3072 ti-

161 3133 323 3196 mensque
346 3119 519 3198 praetersa,
542 3134 582 3176 ne
604 3133 700 3196 regno
724 3115 763 3178 ab
788 3134 824 3178 eo
847 3114 1033 3198 privaretur,
1057 3113 1097 3176 ad
1120 3113 1251 3178 Antonii
1272 3117 1376 3196 partes
1398 3110 1526 3176 transiit

160 3217 349 3296 (Plutarch.
372 3218 448 3284 Ant.
473 3217 525 3282 59.
556 3217 615 3280 Dio
639 3220 692 3294 49,
710 3218 773 3301 33)
797 3224 829 3282 et
853 3218 973 3282 bellum
996 3219 1136 3303 suscepit
1158 3224 1267 3281 contra
1288 3215 1420 3280 Parthos
1445 3215 1525 3298 (Dio

158 3324 224 3398 49,
244 3321 321 3404 44).
370 3320 528 3386 Antonius
563 3327 670 3385 autem
699 3320 909 3405 proditionem
945 3322 1033 3385 illarn
1065 3320 1286 3384 Armeniorum
1314 3320 1440 3383 ulturus
1467 3322 1525 3383 Ar·

159 3431 277 3488 taxata
310 3424 469 3508 profectus
505 3446 531 3488 a.
556 3425 621 3488 790
650 3425 732 3508 regis
760 3425 862 3509 ipsius
892 3426 996 3510 specie
1026 3424 1184 3489 amicitiae
1212 3424 1246 3487 in
1275 3430 1379 3488 castra
1405 3426 1527 3489 evocati

159 3527 289 3613 potitus
313 3533 372 3604 est,
405 3547 497 3610 quem
525 3534 636 3612 postea
662 3529 696 3592 in
719 3529 862 3612 Aegypto
886 3527 1053 3603 interiecit,
1084 3548 1283 3613 regnumque
1302 3528 1435 3592 tradidit
1460 3528 1526 3591 filio

159 3653 223 3696 suo
252 3651 291 3694 ex
315 3631 482 3715 Cleopatra
503 3631 693 3709 Alexandro,
718 3632 768 3696 oui
791 3631 957 3698 Medorum
979 3633 1063 3716 regis
1085 3633 1153 3697 filia
1169 3634 1277 3717 lotape
1300 3634 1456 3715 desponsa
1478 3639 1527 3695 est

159 3737 242 3820 (Dio
267 3736 321 3810 49,
338 3736 396 3812 44;
421 3755 517 3818 supra
539 3755 569 3818 p.
583 3736 650 3818 81).
693 3735 811 3799 Eodem
834 3742 976 3821 ternpore
999 3735 1225 3800 adiuvantibus
1248 3737 1317 3798 sine
1340 3735 1436 3799 dubio
1460 3738 1525 3798 An-

158 3840 252 3904 tonio
285 3845 317 3900 et
339 3837 514 3901 Artavasde
536 3839 627 3902 Medo
657 3839 690 3902 in
717 3840 842 3904 Parthis
874 3840 987 3906 seditio
1016 3847 1085 3904 orta
1112 3846 1161 3904 est
1190 3839 1354 3923 coepitque
1376 3839 1423 3903 ibi
1447 3839 1526 3902 Tiri-

158 3945 255 4008 dates
281 3940 321 4004 de
345 3961 439 4022 regno
463 3948 580 4006 certare
604 3963 674 4006 curn
692 3943 835 4008 Phraate.
861 3945 1004 4010 Armenii
1027 3965 1100 4008 vero
1121 3944 1204 4026 regis
1219 3944 1408 4008 Artavasdis
1423 3944 1525 4007 filium

158 4057 243 4112 natu
265 4045 443 4110 maximum
458 4045 623 4110 Artaxiam
644 4067 749 4128 regem
773 4055 958 4112 creaverunt
981 4055 1013 4110 et
1033 4048 1074 4111 ad
1088 4048 1275 4111 Parthorum
1292 4049 1474 4112 societatem
1491 4068 1525 4110 se

158 4147 408 4216 transtulerunt.
447 4147 547 4212 Medis
571 4148 684 4213 deinde
708 4171 779 4216 cum
801 4151 940 4234 primum
963 4172 1012 4214 res
1035 4171 1183 4235 prospere
1200 4151 1348 4216 cessisset
1361 4159 1450 4236 parte
1466 4151 1526 4213 Ar·

157 4254 293 4320 maniae
310 4259 470 4337 occupata,
494 4273 566 4316 cum
581 4253 657 4316 item
673 4253 831 4318 Tiridates
848 4255 1023 4338 expulisset
1038 4255 1256 4320 adversarium
1271 4256 1436 4329 Phraaten,
1453 4273 1527 4316 mox

158 4365 278 4423 ruente
303 4356 435 4420 Antonii
457 4357 598 4440 potentia
620 4357 653 4419 hi
676 4376 801 4440 quoque
825 4357 902 4420 socii
925 4357 992 4420 eius
1015 4357 1092 4422 ricti
1115 4366 1190 4422 sunt
1212 4365 1244 4422 et
1265 4359 1415 4422 Phraates
1439 4356 1527 4420 adiu-

159 4463 321 4528 vantibus
345 4458 480 4543 Scythis,
504 4459 578 4522 item
602 4459 750 4522 Artaxias
772 4460 911 4525 restituti
932 4461 968 4523 in
990 4481 1086 4543 regna
1107 4467 1247 4547 paterna,
1271 4462 1377 4526 Media
1400 4461 1529 4524 veroin

160 4570 358 4651 potestatem
387 4563 525 4626 hostium
553 4561 640 4625 venit
669 4569 700 4627 et
726 4561 794 4647 ipse
818 4584 874 4627 rex
900 4569 1011 4650 captus
1037 4572 1086 4628 est
1112 4565 1187 4649 (Dio
1203 4569 1263 4643 49,
1284 4569 1335 4630 44.
1367 4565 1525 4629 Plutarch.

160 4673 240 4735 Ant.
260 4667 333 4750 53).
369 4667 435 4743 Quo
458 4668 538 4730 facto
562 4671 593 4728 et
609 4665 766 4731 Tiridates
791 4667 930 4750 confugit
953 4668 993 4732 ad
1017 4669 1182 4734 Caesarem
1206 4692 1234 4733 a.
1248 4671 1311 4734 724
1328 4677 1359 4733 et
1373 4669 1527 4733 liberatus

160 4775 276 4839 nescio
303 4792 364 4854 quo
388 4777 478 4856 pacto
503 4792 541 4834 ex
565 4771 747 4854 captivitate
769 4772 827 4836 illa
842 4773 1036 4838 Artavasdes
1052 4774 1163 4838 Medus
1187 4775 1227 4838 ad
1251 4773 1387 4838 eundem
1407 4793 1441 4836 se
1457 4792 1527 4836 oon-
