3734 5517
351 383 394 450 42
939 380 987 445 111,
999 379 1124 434 an-ss

353 561 425 642 post
445 555 621 622 Antonium
642 553 815 630 devictum,
845 552 1007 636 mitigatae
1035 553 1101 618 iem
1130 557 1162 617 et
1184 573 1204 616 a
1225 550 1357 618 militari
1378 550 1495 615 ferocis
1517 548 1557 614 ad
1580 547 1705 616 civilem

353 666 472 726 statum
485 659 638 737 redeunti,
663 665 696 723 et
716 657 910 722 coloniarum
932 677 1085 722 novarum
1108 662 1180 741 post
1208 673 1347 740 pugnarn
1369 652 1533 720 Actiacam
1555 652 1705 718 constitu-

352 771 459 828 tarum
478 764 608 828 nomina
629 760 720 827 nulla
739 759 923 839 traduntur3
949 780 1046 842 quam
1068 759 1108 824 ob
1132 780 1200 824 rem
1216 758 1301 842 quod
1323 755 1434 822 scribit
1448 755 1596 840 Hyginus
1608 773 1706 820 novas

352 867 449 932 urbes
470 873 538 932 turn
560 864 746 932 constitutas
769 883 839 928 esse
855 862 969 928 deletis
984 862 1124 930 hostium
1140 862 1333 938 civitatibus,
1356 859 1543 945 praesertim
1556 860 1707 924 traxerim

352 969 395 1035 ad
415 969 554 1036 colonias
577 971 611 1034 in
632 967 804 1053 provinciis
819 967 1017 1044 constitutas,
1040 965 1174 1032 Dionem
1191 972 1297 1032 autem
1312 963 1500 1030 crediderim
1518 962 1707 1046 adsignatio

352 1093 426 1141 nem
440 1073 612 1138 militarem
625 1072 701 1156 plus
721 1071 806 1135 iusto
829 1070 965 1136 auxisse.
982 1107 1024 1118 -
1040 1070 1108 1135 Iam
1123 1069 1173 1135 his
1193 1069 1307 1154 positis
1320 1067 1378 1133 ubi
1391 1067 1532 1132 redimus
1548 1067 1588 1132 ad
1602 1067 1707 1132 locum

353 1177 394 1242 de
417 1196 478 1260 quo
502 1175 641 1258 agimus,
670 1173 801 1258 praedia
821 1172 992 1249 collaticia,
1022 1189 1104 1254 quae
1127 1172 1243 1256 opponi
1265 1170 1513 1257 provincialibus
1542 1170 1651 1254 itaque
1673 1171 1706 1236 in

351 1280 448 1352 Italia
469 1277 649 1363 quaerenda
670 1296 739 1342 essa
762 1275 922 1353 vidimus,
943 1281 1018 1342 sunt
1040 1275 1110 1342 sino
1137 1275 1233 1340 dnbio
1256 1274 1331 1340 illae
1352 1274 1580 1340 territoriorum
1602 1281 1708 1360 partes

352 1389 426 1469 post
450 1401 589 1467 pugnam
610 1380 774 1446 Actiacam
802 1378 928 1464 oppidis
951 1378 1073 1444 Italicis
1099 1378 1146 1444 ita
1168 1377 1350 1464 ademptae,
1380 1383 1417 1445 ut
1438 1377 1526 1462 ipsae
1548 1376 1708 1442 militibus

354 1486 527 1558 victoribus
555 1484 785 1559 dividerentur,
812 1482 951 1566 pretium
979 1490 1085 1548 autem
1113 1501 1222 1548 aarum
1248 1480 1431 1566 munloipiis
1453 1480 1499 1546 ita
1521 1480 1709 1565 spoliatisa

353 1591 487 1655 Caesare
509 1587 749 1673 persolveretur.
794 1585 969 1670 Municipia
991 1585 1075 1652 enim
1097 1585 1150 1650 hic
1173 1585 1383 1671 appellantur,
1413 1603 1476 1650 non
1499 1584 1649 1662 coloniae,
1677 1592 1710 1650 et

354 1699 439 1759 recte
462 1692 604 1777 quidem:
628 1711 702 1756 nam
724 1689 864 1775 primum
886 1689 989 1772 agimr
1011 1687 1070 1756 hoc
1092 1689 1160 1754 loco
1183 1689 1222 1753 de
1245 1688 1340 1754 robus
1362 1687 1501 1773 publicis
1516 1687 1709 1772 quibuscun-

354 1817 417 1879 que
439 1803 506 1865 tam
526 1795 562 1859 in
575 1794 670 1860 ltalia
691 1813 788 1878 quam
809 1792 844 1858 in
865 1791 1037 1878 provinciis
1059 1799 1129 1860 tum
1150 1812 1241 1876 egros
1257 1793 1372 1858 Caesar
1393 1791 1521 1868 ademit,
1543 1798 1581 1857 ut
1594 1809 1708 1857 nomen

354 1899 541 1986 ponendum·
557 1897 654 1964 faerit
673 1897 811 1965 maxime
833 1896 994 1980 generale,
1028 1895 1143 1964 deinde
1166 1897 1262 1962 etiam
1283 1895 1318 1962 in
1340 1893 1465 1981 oppidis
1488 1915 1527 1964 ea
1548 1896 1709 1961 occasione

354 2003 398 2075 ad
430 2002 572 2073 coloniae
601 2001 788 2084 dignitatem
821 1999 939 2068 evectis
975 1999 1113 2085 pretium
1146 2013 1292 2084 agrorum
1321 1999 1545 2084 adempturum
1573 2001 1712 2085 persolvi

354 2105 466 2174 debuit
489 2105 537 2171 rei
560 2103 708 2190 publicae
733 2102 896 2187 antiquae,
925 2122 989 2168 non
1015 2123 1116 2168 novae
1139 2103 1288 2168 coloniae.
1341 2102 1506 2170 Collaticia
1528 2109 1633 2170 autern
1654 2125 1709 2170 cur

353 2210 509 2286 dicantar,
531 2208 567 2274 in
587 2215 737 2293 promptu
750 2214 809 2273 est
850 2206 933 2273 llam
956 2206 1115 2292 ademptio
1139 2208 1276 2273 bascat
1298 2207 1443 2291 quamvis
1466 2207 1558 2272 inre
1578 2207 1707 2287 iniusta,
1785 2229 1786 2280 l

352 2320 461 2381 tamen
489 2313 576 2380 iusta
604 2312 727 2381 ratione
753 2312 857 2388 iterat,
888 2311 935 2376 ita
962 2311 1142 2396 peragenda
1171 2317 1254 2389 erat,
1283 2317 1321 2376 ut
1335 2310 1405 2376 *ubi
1427 2316 1541 2394 quarta
1560 2313 1709 2379 territorii

353 2439 429 2503 pers
451 2415 657 2492 adimerem,
687 2413 740 2478 sui
762 2413 898 2498 quisque
918 2413 988 2496 agri
1013 2420 1135 2498 partem
1157 2419 1304 2498 quartam
1325 2433 1488 2499 possessor
1510 2413 1635 2486 cederet
1655 2423 1709 2481 ant
1785 2483 1786 2488 ,

352 2540 436 2586 novo
458 2518 568 2592 colono
597 2523 653 2582 aut
673 2517 773 2582 veteri
794 2516 978 2600 possessori,
1010 2516 1062 2582 cui
1083 2517 1157 2603 plus
1179 2523 1296 2601 quarta
1320 2524 1410 2602 parte
1438 2517 1587 2602 adempta
1616 2527 1708 2597 essct,

353 2624 464 2707 itaque
493 2642 527 2686 ro
555 2640 665 2686 omnes
692 2621 868 2687 conferrent
894 2620 950 2686 ad·
965 2626 1110 2704 quartam
1137 2621 1286 2686 territorii
1313 2627 1437 2706 partem
1459 2621 1551 2686 novis
1573 2621 1708 2688 dominis

354 2747 489 2795 vacuam
509 2724 705 2798 tradendam.
730 2724 980 2791 recusavere
1003 2743 1062 2810 pro
1088 2725 1257 2792 collaticiis
1283 2725 1366 2810 agris
1389 2745 1410 2790 a
1431 2725 1565 2790 Caesare
1586 2725 1710 2792 reddita

355 2829 540 2896 solvebatur
561 2827 744 2913 municipiis
765 2827 940 2900 ca'scilicet
960 2828 1039 2912 loge,
1062 2835 1099 2894 ut
1120 2828 1266 2896 dominis.
1279 2829 1375 2894 laesis
1397 2848 1453 2914 pro
1476 2829 1620 2913 portione
1641 2851 1709 2896 eam
1784 2825 1785 2832 '

355 2933 600 3010 distribuerent.»
619 2971 662 2982 --
689 2932 796 3016 Ipsam
821 2931 918 3014 igitur
946 2931 1179 3017 ademptionem
1207 2953 1280 2998 cum
1301 2930 1461 2998 triumviri
1487 2932 1535 2997 ita
1554 2933 1709 3000 instituis·

355 3041 442 3114 sent,
478 3041 515 3100 ut
542 3041 573 3099 et
602 3053 711 3099 omncs
738 3053 935 3118 possessores
964 3034 1101 3100 eicerent
1127 3055 1231 3118 neque
1259 3035 1319 3100 ulli
1337 3035 1524 3121 xquidquam
1551 3055 1608 3122 pro
1637 3057 1707 3120 agro

356 3147 462 3226 erepto
483 3138 665 3216 redderent,
695 3139 877 3204 Caesarita
897 3138 1105 3223 temperavit,
1133 3146 1170 3204 ut
1192 3139 1331 3224 primum
1353 3138 1479 3226 oppidis
1500 3139 1625 3206 italicis
1646 3140 1707 3226 pla·

355 3263 490 3325 rumque
510 3249 593 3308 certe
611 3261 676 3308 non
690 3240 844 3308 adimeret
865 3241 929 3306 nisi
951 3242 1102 3308 territorii
1121 3249 1253 3328 partem,
1278 3240 1392 3310 deiude
1406 3262 1464 3328 pro
1479 3242 1629 3330 adempto
1642 3265 1708 3330 pre
1783 3265 1784 3276 ¹

355 3345 438 3412 tium
460 3344 521 3413 etsi
542 3364 604 3410 non
626 3346 757 3424 iustum,
784 3352 891 3412 tamen
913 3345 1043 3430 aliquod
1065 3347 1226 3414 veteribus
1249 3346 1484 3433 possessoribus
1507 3349 1706 3433 persolveret

356 3448 469 3514 Fuisse
488 3447 570 3513 hanc
592 3470 750 3516 summam
765 3450 890 3516 sexiens
913 3450 1040 3519 miliens
1064 3451 1133 3536 ipse
1155 3451 1279 3532 scribit;
1303 3471 1379 3517 cave
1401 3457 1508 3530 autem
1522 3451 1638 3520 collato
1650 3453 1708 3518 mi·

356 3553 451 3620 litum
463 3558 694 3630 veteranorum,
718 3554 775 3637 qni
787 3554 980 3639 triumphale
996 3555 1191 3638 congiarium
1206 3561 1402 3640 acceperunt,
1425 3573 1556 3620 numero
1575 3576 1644 3624 cxx
1654 3556 1708 3622 mi-

356 3657 438 3723 lium
458 3655 534 3720 inde
556 3655 675 3726 efficias
697 3676 754 3741 pro
776 3657 912 3740 singulis
934 3658 1206 3742 possessionibus,
1237 3677 1318 3742 quae
1341 3659 1440 3726 vetari
1462 3661 1638 3743 possessori
1658 3661 1708 3726 ad·

357 3762 530 3826 imerentur
545 3766 576 3824 et
591 3759 687 3826 militi
702 3759 954 3842 adsignarentur,
977 3761 1028 3826 illi
1046 3762 1208 3848 persoluta
1221 3782 1290 3828 esse
1306 3762 1403 3846 quina
1417 3762 1507 3828 milia
1520 3763 1709 3830 sestertium

357 3863 440 3931 Nam
454 3882 523 3932 cxx
532 3862 622 3928 milia
637 3862 810 3940 hominum,
833 3861 952 3946 quibus
973 3863 1008 3928 in
1031 3883 1087 3928 suo
1109 3864 1224 3948 cuique
1239 3865 1354 3950 oppido
1369 3866 1595 3932 numerabatur
1610 3870 1708 3933 aitis

357 3965 548 4051 triumphale
571 3966 774 4050 congiarium,
799 3965 917 4031 milites
940 3973 1015 4031 sunt
1036 3965 1164 4032 victoris
1185 3968 1341 4034 exercitus
1362 3985 1470 4034 omnes
1486 3978 1611 4055 praeter
1626 3993 1711 4056 pers·

358 4071 464 4156 grinos
487 4089 603 4152 eosque
626 4071 681 4153 qui
703 4070 869 4137 etiamtum
890 4070 930 4136 ad
955 4070 1045 4154 signa
1058 4072 1232 4138 merebant.
1267 4074 1311 4140 At
1326 4094 1365 4139 ex
1379 4073 1431 4140 his
1446 4073 1624 4140 deducendi
1638 4082 1712 4140 sunt

357 4174 476 4240 milites
498 4191 669 4258 paucorum
691 4173 929 4258 stipendiorum,
941 4229 942 4234 ,
956 4193 1035 4258 quos
1050 4174 1111 4240 Dio
1134 4173 1245 4244 scribit
1260 4195 1322 4242 non
1339 4196 1450 4260 agrum
1464 4179 1634 4264 accepisse,
1657 4178 1710 4244 sed

359 4277 540 4363 pecuniam3
563 4281 726 4360 praeterea
742 4277 807 4360 apri
831 4297 949 4356 sorum,
974 4278 1030 4362 qui
1052 4299 1123 4344 cum
1143 4280 1434 4360 Antoniotuerant,
1457 4282 1615 4367 publicati
1639 4290 1713 4348 sunt

359 4381 428 4446 sine
451 4379 548 4446 dubio
571 4378 672 4465 pretio
694 4380 783 4460 nullo
805 4383 908 4450 soluto
930 4383 1077 4468 partique
1099 4403 1314 4469 possessorum
1335 4405 1391 4470 pro
1411 4386 1494 4468 agris
1509 4387 1631 4453 Italicis
1645 4387 1712 4453 red-

360 4483 420 4557 diti
433 4490 508 4548 sunt
522 4481 742 4568 provinciales,
759 4490 796 4549 ut
805 4506 935 4552 <summa
950 4487 1112 4571 aliquanto
1124 4488 1224 4554 maior
1234 4488 1274 4554 sd
1286 4475 1482 4575 possessores
1494 4499 1637 4558 extorres
1645 4513 1713 4578 por·

1783 2061 1786 2104 l

359 4588 485 4654 venisse
499 4587 654 4656 videatur.
693 4587 844 4672 Spectant
857 4595 964 4658 eutem
984 4591 1111 4659 omnino
1127 4591 1167 4656 ad
1182 4591 1268 4660 hane:
1285 4593 1496 4660 necessariam
1511 4596 1606 4678 quasi
1620 4596 1714 4682 pretii
1779 4675 1780 4678 Ἴ

359 4693 549 4771 solutionem
562 4692 720 4777 ¹quae-Ilio
734 4693 1076 4779 rettulitdepecunias
1091 4714 1148 4780 pro
1164 4695 1249 4779 agris
1264 4697 1426 4762 aansare
1440 4699 1713 4781 pernumerandae

300 4864 303 4869 Α
359 4804 539 4868 summa-et.
548 4796 737 4881 necessitate
751 4803 784 4867 et
797 4797 1203 4883 difficultate„quamqucm
1218 4799 1304 4887 apud
1316 4801 1424 4887 ipsum
1436 4801 1571 4868 Dionem
1581 4803 1716 4868 necessi-

359 4910 408 4970 tas
419 4905 499 4971 haec
508 4903 617 4994 paullo
632 4901 725 4971 aliter
736 4901 897 4990 accipitur,
913 4923 1085 4990 suppressa
1095 4905 1295 4990 praediorum
1306 4904 1532 4972 collaticiorum
1544 4907 1714 4973 mantione.
1778 4979 1779 4990 ἵ
