3734 5517
786 996 822 1056 B.
869 991 989 1057 PARS
1013 990 1216 1057 GRAECA.

448 1152 594 1237 Exempli
625 1151 736 1215 Graeci
763 1151 885 1235 primus
917 1150 1001 1233 quod
1029 1151 1128 1214 sciam
1155 1151 1302 1214 meminit
1324 1150 1512 1213 Tournefort
1541 1154 1682 1233 (oopope

253 1276 257 1289 ·
324 1262 355 1337 3,
373 1259 457 1342 317)
482 1258 532 1320 his
555 1254 676 1319 verbis:
708 1275 748 1318 an
773 1264 882 1319 trouve
910 1258 1073 1335 plusieurs
1104 1258 1314 1334 inscriptions
1340 1255 1496 1334 Grecques
1525 1259 1606 1318 dans
1638 1260 1681 1318 les

324 1365 494 1430 ebeminbes
518 1362 555 1423 de
578 1360 724 1440 quelques
748 1360 889 1421 maisons
914 1360 952 1419 de
972 1360 1191 1437 particuliers,
1216 1362 1255 1420 ou
1278 1359 1353 1419 elles
1376 1366 1450 1419 sont
1466 1368 1629 1422 eouoertes
1646 1362 1683 1421 de

323 1470 391 1530 6616
398 1488 413 1541 ,·
436 1486 488 1529 ees
512 1466 653 1529 maisons
678 1472 752 1525 sont
774 1464 924 1525 adossees
949 1461 971 1521 b
994 1464 1026 1523 ta
1049 1468 1216 1523 mattresse
1239 1462 1382 1522 muroille
1405 1465 1426 1521 6
1449 1463 1561 1527 droise.
1601 1461 1683 1524 Item

323 1568 425 1633 Lucas
447 1568 482 1631 in
504 1567 617 1630 itinere
641 1585 737 1648 supra
760 1564 854 1627 citato
879 1562 986 1643 (voll
1012 1584 1039 1627 c.
1053 1565 1107 1642 16)
1131 1570 1301 1647 postquam
1315 1561 1439 1625 rettulit
1453 1563 1683 1629 dedicationem

325 1671 413 1736 aedis
440 1671 559 1733 Romae
592 1675 624 1731 et
649 1668 791 1750 Augusti
824 1669 937 1751 (supra
958 1688 989 1752 p.
1002 1668 1056 1750 11)
1086 1667 1132 1730 sie
1154 1666 1270 1751 pergit:
1301 1668 1328 1729 il
1353 1688 1371 1748 p
1401 1688 1422 1730 6
1451 1690 1508 1730 une
1537 1673 1620 1732 suite
1644 1693 1684 1735 au

325 1796 383 1838 une
406 1784 499 1838 autre
521 1776 715 1853 inscription
738 1794 794 1835 sur
810 1770 1004 1852 t'bpaisseur
1021 1774 1058 1834 de
1075 1774 1108 1834 ta
1122 1773 1276 1845 muruille,
1300 1774 1381 1833 rnais
1398 1768 1489 1851 qu'on
1505 1793 1543 1835 ue
1557 1778 1684 1837 suuroit

322 1881 461 1960 prendre
483 1882 504 1941 6
524 1882 670 1958 present,
696 1894 794 1955 parce
818 1872 895 1955 qu’il
916 1895 934 1956 p
959 1896 980 1936 a
1002 1897 1061 1936 uue
1083 1877 1209 1938 maisou
1239 1879 1378 1955 appupee
1406 1876 1538 1937 dessus:
1568 1879 1600 1938 si
1623 1876 1684 1941 t’on

326 1985 450 2063 croyait
472 1980 582 2062 qu'elle
605 2001 642 2045 eu
664 1982 752 2042 catut
777 1980 808 2041 lu
828 1981 931 2059 peine,
957 1999 1072 2042 comme
1096 1981 1164 2041 ceta
1185 1981 1335 2057 pourreit
1358 1979 1429 2040 bien
1443 1982 1520 2058 etro,
1541 1999 1627 2058 pour
1642 1983 1684 2043 50

326 2108 366 2150 au
390 2086 588 2166 neptunus
612 2104 653 2147 on
673 2085 823 2163 pourroit
844 2091 955 2145 mettre
978 2086 1000 2144 d
1022 2083 1080 2145 bus
1107 2104 1140 2145 ce
1163 2084 1217 2162 qui
1241 2085 1273 2144 tu
1297 2102 1429 2155 eouore;
1443 2085 1481 2161 je
1503 2080 1572 2145 n'eu
1591 2087 1684 2163 purte

326 2187 473 2271 qu'apres
496 2186 571 2250 ut’en
594 2191 660 2249 etre
683 2188 827 2266 informe.
863 2184 989 2251 Primus
1010 2186 1065 2267 qui
1088 2183 1243 2266 quaedam
1268 2183 1342 2249 inde
1358 2182 1493 2249 ediderit
1508 2187 1685 2250 Poeoebius

326 2298 375 2356 est
396 2292 505 2375 (inser.
529 2311 559 2374 p.
574 2292 603 2354 6.
618 2290 669 2372 7),
701 2288 756 2370 qui
779 2287 948 2371 descripsit
970 2295 1093 2371 partem
1116 2288 1303 2371 paginarum
1321 2288 1370 2351 15.
1390 2287 1445 2362 16,
1477 2287 1522 2351 616
1552 2309 1685 2353 narrans

326 2396 360 2461 in
382 2394 543 2460 itinerario
567 2394 619 2477 (2,
639 2392 669 2467 2,
687 2393 767 2475 88);
803 2392 850 2453 On
874 2394 924 2455 tbe
948 2394 1073 2455 outside
1103 2394 1144 2473 of
1161 2394 1211 2455 tbe
1234 2402 1362 2455 eastern
1383 2394 1459 2455 walt
1481 2394 1502 2455 Ι
1520 2414 1588 2456 saw
1607 2405 1686 2475 part

327 2501 367 2580 of
385 2503 411 2562 it
434 2509 485 2562 cut
512 2502 546 2560 iu
570 2498 669 2559 Greelc
692 2498 757 2558 und
783 2505 860 2575 part
883 2497 982 2575 mipbt
1006 2498 1042 2559 be
1065 2517 1106 2560 on
1130 2498 1180 2559 tbe
1209 2506 1286 2561 uest
1309 2499 1399 2568 side,·
1429 2497 1449 2557 Ι
1468 2498 1547 2559 bace
1568 2518 1685 2562 reason

328 2613 360 2667 to
385 2605 518 2682 believe,
546 2603 615 2664 tbut
638 2602 667 2661 is
690 2619 758 2663 uos
782 2602 816 2661 iu
843 2601 941 2663 about
971 2609 1084 2682 twenty
1108 2602 1256 2664 columns.
1311 2601 1331 2661 Ι
1351 2601 1464 2679 copied
1482 2610 1560 2680 part
1584 2604 1625 2683 of
1642 2605 1685 2665 it:

328 2710 379 2771 tbe
408 2711 515 2769 letters
546 2724 671 2785 appear
700 2712 731 2767 to
760 2704 838 2765 bane
868 2705 943 2766 been
965 2706 1026 2784 pilt
1056 2725 1097 2768 ou
1128 2726 1149 2766 6
1171 2706 1298 2784 prouud
1327 2706 1367 2785 of
1389 2705 1574 2777 seruilium
1602 2726 1688 2769 some

329 2814 443 2874 bouses
468 2830 524 2873 ure
548 2810 626 2871 built
649 2810 780 2886 apciust
810 2808 860 2869 tbe
890 2809 981 2870 otber
1006 2818 1101 2887 parts
1131 2810 1170 2888 of
1189 2811 1224 2870 it.
1281 2809 1342 2871 Tbe
1364 2809 1433 2869 title
1457 2809 1497 2888 of
1515 2810 1565 2869 tbe
1590 2810 1688 2871 Greelr

328 2916 519 2993 inscription
543 2932 682 2991 appears
707 2919 738 2974 to
763 2912 841 2973 bane
866 2911 941 2972 been
964 2914 997 2973 in
1023 2932 1080 2974 one
1105 2914 1166 2973 tine
1191 2932 1231 2975 on
1255 2914 1305 2973 tbe
1328 2919 1398 2974 eust
1421 2914 1508 2973 side.-
1533 2914 1636 2974 ubicb
1659 2916 1687 2975 is

329 3039 349 3082 6
371 3019 458 3098 peod
479 3036 597 3079 reason
620 3024 652 3078 to
675 3035 824 3094 suppose,
849 3015 916 3075 tbet
941 3016 991 3076 tbe
1014 3016 1113 3077 ubete
1138 3016 1237 3076 Greeb
1260 3017 1451 3094 inscription
1474 3035 1540 3077 uus
1564 3037 1605 3079 ou
1622 3018 1688 3078 tbat

328 3122 408 3196 side,
434 3122 566 3185 because
590 3120 639 3181 tbe
655 3120 750 3181 Latin
774 3119 883 3198 bepius
909 3138 950 3180 ou
974 3121 1024 3179 tbu
1045 3127 1122 3180 uest
1144 3120 1224 3181 side.
1260 3118 1332 3199 Egit
1355 3117 1394 3180 de
1410 3118 1616 3182 Pocoekianis
1639 3120 1688 3182 his

330 3224 549 3288 Sainte-Croix
571 3224 605 3287 in
630 3220 862 3287 commentariis
887 3220 974 3284 acad.
1000 3221 1368 3305 Ρ6116.161.47<1809)
1391 3242 1422 3304 p.
1437 3220 1478 3284 93
1492 3243 1540 3304 sq.
1593 3224 1689 3285 Pleno

265 3309 272 3317 ³
329 3334 366 3391 ut
389 3326 453 3408 legi
474 3334 604 3410 possent
626 3347 708 3409 quae
731 3346 771 3389 61
788 3324 914 3388 Graecis
939 3333 1121 3409 supersunt,
1146 3326 1283 3410 parietes
1306 3324 1347 3387 ad
1369 3346 1497 3389 murum
1519 3326 1612 3390 illum
1636 3350 1690 3412 ap·

329 3430 439 3513 plicati
462 3428 609 3493 diruendi
632 3437 730 3505 erant,
763 3428 849 3512 quod
873 3435 981 3493 nostro
1004 3428 1133 3493 demum
1155 3429 1281 3492 saeculo
1311 3430 1465 3493 suecessit
1486 3431 1604 3514 partim
1627 3434 1690 3495 Ha-

328 3533 460 3600 miltono
488 3554 515 3597 a.
541 3533 624 3596 1836
653 3533 854 3616 (reseorcbes
885 3536 918 3595 iu
941 3535 1024 3596 Asia
1047 3536 1161 3597 minor.
1191 3532 1327 3599 Londini
1352 3534 1436 3597 1842
1461 3534 1553 3600 voli
1580 3556 1612 3619 p.
1626 3537 1688 3600 421

329 3640 368 3700 cf.
391 3638 486 3701 inser.
504 3637 533 3712 2,
550 3636 614 3699 416
638 3657 669 3699 1.
682 3636 770 3718 102),
795 3635 911 3718 partim
935 3636 1062 3699 Perroto
1087 3657 1114 3699 a.
1132 3638 1216 3701 1861
1243 3636 1384 3721 (611111.
1406 3637 1427 3700 l.
1445 3659 1471 3701 c.
1493 3638 1690 3705 16112728.

331 3742 372 3805 29
397 3748 428 3804 61
450 3762 522 3804 6111
542 3739 643 3823 ipsius
660 3738 698 3800 de
715 3738 875 3821 praeclaro
894 3738 951 3801 hoe
968 3738 1096 3802 invento
1113 3741 1251 3804 narratio
1267 3740 1408 3803 nondum
1422 3741 1584 3824 prodierit,
1609 3764 1693 3825 qnae

331 3866 368 3907 ex
393 3843 539 3927 epistulis
569 3842 636 3907 eius
667 3843 846 3905 referuntur
868 3840 901 3903 in
926 3841 1181 3924 ephemeridibus
1213 3855 1350 3926 eonrptes
1374 3848 1490 3908 rendus
1520 3849 1557 3908 de
1582 3845 1692 3911 81166-

331 3949 428 4011 dernie
451 3949 505 4009 des
527 3948 736 4026 inscriptions
759 3944 879 4007 61861
905 3965 936 4028 p.
950 3946 1113 4012 241275.
1138 3950 1260 4012 61862
1282 3950 1365 4032 [163
1389 3954 1421 4011 61
1444 3951 1525 4012 uult.
1550 3953 1622 4014 delt'
1644 3956 1692 4013 in-

330 4049 786 4128 61116166161661661661861
813 4069 844 4132 p.
860 4048 921 4111 193
934 4054 1007 4131 sq.).
1054 4050 1078 4113 Ε
1122 4057 1252 4115 616616
1277 4052 1405 4135 quidem
1429 4053 1542 4137 primis
1566 4055 1692 4138 paginis

331 4172 412 4235 quae
440 4156 611 4237 supersunt
640 4149 760 4233 primus
792 4156 823 4215 61
858 4149 961 4215 adhue
991 4151 1078 4215 solus
1117 4153 1284 4238 descripsit
1312 4157 1434 4232 Perrot3
1471 4179 1554 4221 nona
1585 4159 1689 4223 adhuc

330 4256 423 4333 letet3
450 4276 558 4319 earum
582 4261 730 4338 quattuor
755 4273 835 4336 quae
859 4261 1038 4337 sequuntur
1053 4256 1226 4340 particulas
1242 4261 1365 4344 excepit
1380 4260 1553 4338 Hamilton,
1580 4262 1693 4344 relegit

332 4358 446 4423 deinde
476 4366 507 4422 61
536 4356 676 4443 explevit
701 4355 858 4430 Perrotus3
894 4364 1051 4422 extremas
1080 4380 1135 4422 661
1158 4360 1313 4426 habemus
1341 4364 1381 4426 ab
1409 4364 1475 4429 solo
1498 4366 1691 4441 Hamiltono,

333 4463 397 4527 nisi
429 4462 512 4545 quod
543 4462 729 4547 pagisorum
762 4459 1055 4543 quintaedecimae
1085 4471 1116 4527 et
1145 4473 1253 4529 661166
1282 4466 1422 4531 decimae
1451 4478 1574 4553 partem
1596 4470 1692 4532 etiam

333 4565 505 4631 Pccockius
529 4562 645 4641 edidit,
675 4562 972 4629 duodevicensimae
996 4575 1027 4631 et
1049 4567 1326 4634 undevicensimae
1349 4580 1471 4656 partem
1502 4574 1693 4658 descriptam

333 4669 433 4735 habui
456 4688 475 4733 a
500 4667 728 4735 Mordtmanno.
783 4665 900 4733 Eadem
924 4688 1005 4751 quae
1029 4670 1267 4736 Mordtmannus
1291 4674 1380 4749 vidit,
1409 4675 1505 4741 etiam
1529 4677 1694 4742 Texierius

334 4774 391 4857 (1,
420 4772 503 4855 177)
536 4769 647 4835 scribit
678 4790 710 4833 se
740 4768 947 4855 descripsisse
982 4792 1083 4855 noque
1114 4778 1221 4839 temen
1249 4778 1428 4863 exemplum
1460 4802 1552 4845 snum
1584 4781 1694 4844 edidit.
