3734 5517
731 375 779 442 111,
796 375 920 432 35-’39
1459 379 1502 442 45

78 576 80 587 =
141 544 257 611 multis
278 537 539 632 promittentibus
550 546 601 633 *).
634 547 758 614 Colleta
780 557 887 616 eutem
901 550 948 615 ita
960 571 1034 616 cum
1049 549 1181 616 minime
1197 551 1378 618 sufficerent
1393 553 1500 637 (ταῦτα

144 650 292 736 ἐλάχιστα
312 651 386 737 πρὸς
407 651 442 714 τὸ
463 654 580 736 πλῆθος
600 657 660 717 τῶν
683 654 923 740 ἀναλισκομένων
945 653 1013 740 ἦν),
1043 655 1182 741 primurn
1206 639 1358 740 vigesima
1380 657 1499 722 heredi-

142 755 261 819 tatium
282 754 431 820 institute
452 762 510 832 est,
534 775 608 820 mox
630 756 740 822 addita
754 757 926 823 centesima
946 779 1051 823 rerum
1068 759 1226 824 venalium
1243 759 1368 843 aliaque
1383 760 1502 825 similia

142 857 266 922 tributa
288 863 498 942 sumptusque
520 866 683 943 praeterea
710 860 827 944 reliqui
854 861 977 946 publici
1000 862 1104 945 quoad
1126 861 1194 940 lieri
1216 864 1320 946 potnit
1340 863 1501 928 imminuti

142 961 286 1044 (Dices,
300 961 433 1026 23-26.
457 961 587 1026 Sueten.
600 964 682 1046 Aug.
694 964 764 1047 49).
793 964 843 1029 Ite
857 985 982 1030 summa
995 965 1075 1029 haec
1089 966 1268 1030 sestertium
1284 969 1322 1031 17
1325 967 1510 1044 0,000‚ooo

141 1069 309 1128 numerata
338 1070 387 1130 est
411 1085 468 1150 per
494 1083 593 1130 annes
619 1085 733 1132 novem
762 1069 951 1132 too-767
988 1069 1131 1152 fiuntque
1158 1089 1215 1153 per
1248 1089 1346 1134 annos
1376 1069 1500 1133 circiter

144 1169 352 1246 19,ooo‚000,
376 1189 415 1234 ex
438 1188 503 1252 que
524 1169 662 1254 pecunia
683 1190 756 1236 cum
779 1169 960 1252 legionariis
985 1170 1108 1236 circiter
1130 1172 1219 1236 mille
1235 1173 1392 1236 sexcentis
1408 1172 1499 1236 satis-

142 1271 208 1334 fieri
226 1277 348 1358 posset,
372 1273 499 1336 omniuo
521 1272 640 1338 maiore
662 1293 788 1338 summa
808 1292 887 1358 opus
909 1279 992 1351 erst3
1020 1294 1095 1338 nam
1115 1273 1314 1348 deuexercitu
1335 1273 1499 1338 hominum

141 1373 266 1440 circiter
292 1381 420 1440 centnm
442 1382 474 1440 et
494 1374 610 1457 viginti
630 1375 756 1441 milium
777 1383 814 1441 ut
834 1376 1004 1442 minimum
1025 1396 1189 1462 ponamus,
1219 1377 1353 1441 alterum
1374 1383 1499 1441 tentum

141 1477 283 1543 militum
306 1478 475 1561 quotannis
498 1478 724 1544 dimittendum
746 1479 817 1547 fuit.

250 1582 290 1645 In
312 1582 497 1646 universum
523 1587 560 1655 nt
587 1582 789 1666 aliquatenus
817 1579 1034 1666 intellegatur,
1065 1581 1142 1665 quid
1171 1582 1205 1646 in
1234 1603 1268 1646 re
1290 1581 1420 1647 militari
1445 1582 1497 1646 ad-

137 1682 352 1748 ministranda
379 1692 413 1750 et
438 1687 576 1751 maxime
605 1687 640 1754 in
667 1687 807 1752 exercitu
835 1686 954 1750 civium
979 1687 1193 1752 Romanorum
1220 1685 1438 1750 constituendo
1467 1693 1498 1750 et

138 1787 284 1870 eugendo
307 1789 470 1870 Augustus
499 1789 564 1864 sibi
592 1791 792 1876 proposuerit
820 1790 1065 1876 perfeceritque,
1095 1809 1159 1856 non
1187 1790 1244 1855 abs
1266 1811 1300 1854 re
1323 1789 1427 1854 visum
1450 1797 1499 1854 est

136 1889 196 1955 boc
218 1890 291 1955 loco
312 1891 452 1956 inserere
475 1882 664 1960 laterculum
686 1893 856 1978 legionum,
881 1914 964 1977 quae
986 1892 1135 1958 extremis
1159 1893 1250 1957 annis
1273 1893 1410 1976 Augusti
1431 1893 1496 1957 lue

134 1999 220 2072 runt,
245 1993 357 2061 addita
377 1995 412 2060 in
440 1997 575 2080 singulis
602 1998 751 2081 originis,
780 1998 838 2062 ubi
864 1997 934 2062 lieri
956 1997 1068 2082 potuit,
1093 2004 1125 2062 et
1147 1997 1295 2062 interitus
1318 1997 1428 2080 aliqua
1449 1998 1496 2064 in-

135 2097 306 2194 dicatione,
329 2096 408 2163 item
430 2099 621 2185 provinciae,
645 2101 680 2165 in
704 2121 769 2185 que
790 2101 927 2186 primum
952 2105 1056 2164 castre
1078 2119 1221 2183 quaeque
1243 2098 1395 2164 habuisse
1410 2101 1497 2166 inve-

132 2199 239 2279 nitur3
271 2219 464 2284 quamquam
494 2203 576 2269 hanc
603 2203 763 2288 legionum
789 2225 846 2289 per
867 2199 1046 2288 provincias
1073 2201 1313 2287 dispositionem
1339 2221 1402 2267 non
1429 2209 1494 2268 tam

133 2303 242 2388 ipsum
260 2304 411 2371 traditam
433 2306 597 2385 habemus,
622 2328 718 2391 qnam
740 2306 879 2374 maxime
901 2327 942 2372 ex
965 2327 1011 2383 ea,
1036 2325 1133 2389 quem
1156 2305 1197 2370 ad
1219 2325 1339 2370 annum
1361 2327 1391 2390 p.
1406 2307 1439 2370 O.
1453 2307 1495 2372 23

133 2407 269 2494 exponit
287 2409 418 2474 Tacitus
440 2412 661 2498 (1111,4,23),
683 2413 864 2478 'coniectura
887 2411 1124 2477 adumbramus.
1170 2408 1373 2494 laterculum
1392 2409 1496 2475 Taciti

132 2512 288 2595 quoniam
317 2518 390 2597 post
414 2513 494 2578 alios
520 2515 757 2599 Marquardtius
779 2516 919 2600 (enchir.
936 2516 967 2593 3,
985 2516 1015 2591 2,
1033 2515 1118 2599 352)
1143 2513 1220 2579 satis
1244 2512 1430 2598 explicavit,
1461 2515 1496 2579 in

130 2615 322 2680 universum
349 2614 390 2679 ed
419 2636 492 2681 cum
522 2618 712 2684 remittimus
741 2639 845 2703 neque
874 2619 907 2682 in
937 2616 1021 2684 notis
1048 2613 1228 2684 addidimus
1251 2615 1315 2681 nisi
1338 2637 1384 2695 eu,
1413 2637 1497 2701 quae

130 2741 206 2784 curn
230 2717 273 2783 ud
295 2724 437 2784 nostram
459 2741 527 2787 rem
548 2722 667 2787 iaciant
684 2707 735 2788 ibi
762 2723 887 2790 desunt.

202 2855 237 2920 ¹⁸)
266 2855 326 2910 Non
343 2856 435 2910 licebit
452 2859 503 2911 hnc
521 2860 619 2914 referre
638 2861 742 2914 titulum
760 2861 856 2914 theatri
874 2859 987 2928 Iguuini,
1011 2875 1088 2926 quam
1112 2858 1180 2912 inira
1198 2860 1309 2928 apposui
1327 2863 1417 2928 utpote
1436 2875 1495 2914 oum

128 2944 261 2998 memoria
278 2957 367 2996 rerum
384 2942 530 3012 imperante
548 2946 661 3000 Caesare
679 2947 800 3016 Augusto
818 2950 951 3017 gestarum
970 2961 1022 3000 non
1041 2960 1092 2998 uno
1111 2945 1215 2998 nomine
1235 2947 1413 3000 coniunctumz

216 3032 1377 3103 cst·sni'1olvsoo·F·RVFVS·1111·VIR·IVR·D10

233 3146 413 3202 ersmers
431 3173 440 3190 ·
455 3150 726 3216 svssnsovusvm
737 3177 746 3194 ·
758 3153 895 3208 TRABES
906 3177 915 3194 ·
927 3152 1035 3206 ΤΕΟΤΙ
1045 3175 1055 3192 ·
1064 3151 1180 3204 FERRO
1190 3175 1198 3192 ·
1210 3141 1379 3204 SVFFIXIT
1485 3167 1488 3174 ·

294 3245 1155 3308 innumeratum-pomo·01Rovuouvs1u·svn·rno
1209 3245 1378 3298 nuruum

234 3343 283 3398 mo
291 3341 680 3402 cvfflonnsvs·rlou1ron
1011 3351 1053 3392 Hs
1152 3337 1240 3393 loos>

232 3437 285 3492 IN·
293 3435 736 3494 comeum-unolonfflvs
1012 3445 1054 3488 {ss
1155 3455 1183 3488 cc
1191 3456 1218 3489 ω
1226 3456 1253 3489 ω
1266 3432 1378 3488 GOGGL

233 3531 283 3584 IN·
294 3533 556 3588 leonumlonum
575 3529 850 3584 RESTITVENDAM
1012 3538 1053 3582 tls
1154 3525 1210 3580 100
1222 3527 1300 3582 0000

234 3608 965 3681 IN·Lvnos·v10T01o1nn·censnolssvovsul
1006 3631 1048 3674 Hs
1154 3622 1364 3679 lOilooeonOL

122 3721 232 3774 Titulus
252 3722 368 3789 primum
390 3736 459 3774 saec.
473 3737 525 3774 xvi
542 3720 645 3782 ridetur
666 3719 786 3772 detectus
809 3732 868 3770 esse
886 3717 1049 3785 imperfecte,
1068 3719 1172 3773 seilicet
1191 3724 1220 3772 ut
1239 3720 1350 3771 laterent
1367 3732 1489 3769 uersuum

123 3808 205 3860 1-6
230 3808 364 3876 principia
386 3807 482 3860 lineola
505 3810 637 3874 separata,
662 3821 745 3873 nuper
767 3804 853 3857 denuo
875 3803 1022 3872 prescius
1046 3809 1087 3858 est
1113 3806 1215 3875 integer
1236 3805 1299 3858 fere.
1334 3803 1490 3872 Exemplum

122 3896 265 3964 antiquum
292 3895 471 3962 imperfectum
496 3894 592 3962 legitur
613 3894 792 3960 incorruptum
815 3891 883 3960 apud
907 3891 1060 3960 Winghium
1082 3893 1110 3945 in
1134 3893 1224 3946 codice
1246 3889 1412 3944 Bruxellensi
1428 3891 1489 3956 1,1‚

122 3983 167 4034 nbi
185 3996 286 4035 versus
305 3996 407 4049 quoqne
431 3984 502 4034 recte
521 3983 686 4048 separantur,
709 3982 736 4031 et
753 3979 822 4032 inter
840 3978 1018 4034 Gittadiuiana
1035 3978 1144 4032 Maeotii
1162 3977 1288 4031 cedvet.
1301 3975 1371 4030 5253
1391 3995 1415 4046 p.
1427 3978 1490 4043 316,

120 4070 183 4122 item
210 4068 285 4136 apud
304 4066 456 4121 Oolnccium
479 4070 532 4118 ant.
550 4065 606 4119 Pic.
621 4065 741 4129 11,261;
765 4065 824 4132 plus
848 4067 965 4118 minusve
990 4065 1138 4132 suppletum
1162 4068 1189 4117 et
1212 4063 1397 4132 interpolatum
1421 4066 1494 4133 apud

119 4156 254 4208 Raecium
279 4154 338 4207 cod.
361 4154 447 4206 Paris.
471 4153 611 4206 1119693
632 4152 650 4204 i.
664 4151 725 4204 251.
738 4149 804 4215 259,
826 4151 961 4218 Ligerium
983 4165 1031 4202 ms.
1045 4150 1124 4202 Taur.
1138 4151 1168 4215 9,
1190 4150 1334 4203 bisuntium
1358 4152 1423 4203 orth.
1439 4150 1488 4204 182

119 4242 196 4301 (inde
219 4239 370 4305 (11111172,
385 4240 438 4303 14).
474 4239 591 4292 Pendere
609 4242 695 4291 autem
714 4239 835 4290 ridentur
853 4237 974 4305 exempla
991 4237 1078 4289 omnia
1096 4240 1148 4290 tam
1166 4238 1321 4290 intemerata
1338 4253 1414 4304 qnam
1433 4251 1489 4290 cor·

119 4331 200 4398 rupta
216 4345 252 4380 ex
266 4327 358 4379 eodem
371 4326 514 4394 exemplari
526 4325 657 4393 primario,
671 4327 774 4377 servato
788 4323 873 4391 Ignrii
884 4324 912 4375 in
926 4323 1030 4376 schedis
1045 4323 1253 4377 Gabrielliorum.
1276 4322 1365 4391 Nuper
1378 4323 1488 4376 eundem

119 4415 229 4468 titulum
249 4412 336 4466 denuo
355 4428 390 4465 ex
408 4412 493 4480 lapide
512 4412 653 4480 descripsit
670 4411 801 4464 Bruanius
820 4410 937 4475 (Bellero.
953 4410 1020 4464 1863
1039 4427 1065 4479 p.
1075 4409 1149 4475 228),
1172 4413 1247 4464 onius
1267 4409 1414 4478 exemplum·
1430 4425 1489 4477 per·

117 4502 221 4556 fectum
246 4515 330 4568 supra
349 4500 558 4567 repraesentari,
581 4499 685 4552 sublato
708 4499 765 4550 solo
786 4513 923 4565 operarum
945 4511 1032 4550 errore
1057 4498 1108 4550 ad
1127 4497 1170 4555 icc
1188 4512 1235 4566 pro
1254 4497 1304 4551 loe.
1327 4523 1361 4532 -
1383 4496 1488 4550 Titulus

117 4602 284 4656 quamquam
308 4586 423 4654 scriptus
445 4586 548 4639 ridetur
570 4589 655 4639 aetate
679 4585 800 4638 Caesaris
819 4584 933 4654 Augusti
956 4587 1064 4653 propter
1086 4583 1162 4638 ludes
1187 4584 1313 4636 uictoriae
1335 4582 1392 4635 eius
1417 4581 1487 4644 (vide

117 4691 200 4745 supra
213 4673 250 4726 ad
269 4672 366 4737 218),
391 4676 478 4725 tamen
492 4670 540 4725 Gn.
557 4672 660 4727 Satrius
677 4671 760 4724 Rufus
779 4686 831 4724 non
848 4671 952 4725 ridetur
969 4669 1051 4724 fuisse
1070 4671 1139 4724 inter
1157 4686 1216 4736 eos,
1241 4670 1285 4737 qui
1309 4669 1337 4721 in
1360 4669 1488 4721 aerarium

114 4763 234 4816 militare
255 4759 382 4828 pecunius
405 4759 564 4823 intulerunt;
589 4776 650 4812 uam
674 4758 707 4812 ad
725 4747 899 4812 commeatum
921 4758 1049 4812 militibus
1073 4757 1187 4812 dandum
1206 4757 1333 4810 aerarium
1351 4755 1416 4810 illud
1433 4771 1486 4809 non

111 4850 246 4918 pertinet.
289 4844 464 4913 cogitandum
487 4847 539 4901 erit
559 4846 648 4914 potius
666 4845 699 4900 de
715 4846 906 4914 pollicitatione
924 4845 1005 4900 simili
1023 4846 1094 4910 eins,
1118 4859 1196 4912 quam
1214 4845 1417 4906 commemorent
1434 4841 1484 4900 Dio

110 4937 158 5002 48,
170 4936 212 4990 49
231 4933 371 4987 attitulas
390 4932 551 4987 0111113882
568 4932 606 4996 (ν.
624 4947 691 5000 quae
709 4933 810 4986 dixtin
828 4931 1116 4986 11111118111111849
1134 4929 1241 4999 11296).
