3734 5517
269 1515 336 1588 DE
362 1513 402 1588 P.
420 1511 628 1588 SVLPIOII
654 1512 863 1603 QVIRINII
888 1512 1068 1587 TITVLO
1093 1510 1361 1587 TIBVRTINO

246 1913 375 1980 Addere
402 1913 525 2000 placuit
553 1896 846 1978 commentariolum
870 1913 909 1977 de
931 1914 1042 1992 titulo,
1072 1914 1129 1996 qui
1151 1921 1184 1978 et
1205 1914 1274 1999 ipse
1298 1918 1441 1978 versatur
1462 1914 1497 1976 in

149 2018 290 2082 memoria
311 2039 418 2082 rerum
440 2037 559 2093 earum,
583 2037 664 2100 quae
688 2017 786 2082 ductu
809 2017 1014 2100 auspicioque
1036 2017 1112 2101 imp.
1129 2018 1267 2099 Augusti
1289 2023 1396 2099 gestae
1411 2023 1495 2094 sunt,

150 2123 306 2188 Tiburtino
326 2122 363 2187 P.
379 2120 515 2206 Sulpicii
530 2121 680 2199 Quirinii,
711 2142 783 2186 cum
806 2122 993 2207 praesertim
1021 2141 1102 2205 qnae
1126 2121 1165 2185 de
1187 2141 1224 2185 eo
1247 2120 1314 2186 dixi
1337 2121 1422 2206 apud
1444 2122 1498 2186 Ri-

149 2227 293 2292 chardum
307 2227 542 2308 Bergmaunum
565 2227 618 2308 (de
640 2226 846 2311 inscriptione
868 2227 982 2291 Latina
1005 2227 1045 2291 ad
1067 2226 1103 2290 P.
1128 2225 1307 2310 Sulpicium
1330 2225 1498 2302 Quirinum

149 2331 314 2396 referenda.
338 2329 478 2394 Berolini
496 2330 590 2393 1851.
614 2331 645 2394 4.
670 2335 845 2413 pru-vu)
869 2330 958 2394 etin
981 2349 1154 2415 paucorum
1176 2349 1290 2394 manus
1306 2328 1450 2393 venerint
1466 2332 1498 2391 et

149 2434 284 2516 quaestio
307 2453 384 2499 sane
407 2451 522 2516 anceps
544 2432 591 2497 ibi
613 2438 739 2517 propter
762 2433 967 2517 epistularem
990 2433 1177 2498 brevitatem
1198 2431 1300 2514 magis
1316 2431 1499 2496 summatim

148 2538 281 2602 iudicata
304 2556 402 2619 quam
423 2541 615 2622 pertractata
637 2536 688 2604 sit.

250 2641 393 2705 Effossus
416 2647 465 2704 ost
486 2641 514 2704 is
538 2640 577 2704 de
601 2661 663 2723 quo
687 2641 790 2723 agitur
810 2640 925 2704 titulus
949 2641 1086 2724 scriptus
1109 2639 1224 2704 litteris
1241 2638 1369 2724 optimis
1385 2645 1417 2702 et
1430 2639 1500 2722 pul·

147 2733 306 2810 cherrimis
337 2764 366 2807 a.
385 2745 471 2808 1764
494 2743 613 2808 Tibure
643 2748 732 2808 extra
759 2750 883 2829 portam
904 2744 1080 2807 Romanam
1108 2743 1192 2808 inter
1215 2743 1325 2807 villam
1348 2741 1501 2806 Hadriani

148 2855 176 2913 et
197 2847 285 2912 viam
307 2847 509 2912 Tiburtinam
538 2846 608 2932 pari
637 2848 677 2910 ab
707 2853 840 2931 utraque
862 2847 1040 2913 intervallo.
1093 2847 1225 2914 Delatus
1248 2847 1322 2910 inde
1345 2846 1446 2910 Tibur
1467 2846 1501 2908 in

146 2951 237 3016 aedes
252 2950 369 3016 Bosohi
391 2958 502 3035 postea
523 2950 668 3036 pervenit
689 2951 723 3014 in
746 2971 893 3016 museum
907 2951 1107 3028 Vaticanum,
1129 2952 1188 3016 ubi
1201 2952 1285 3016 iuter
1300 2951 1423 3035 lapides
1439 2969 1502 3013 non

147 3055 302 3140 expositos
325 3053 403 3118 olim
426 3055 534 3119 inveni
558 3061 589 3118 et
612 3055 767 3138 descripsi
789 3055 848 3118 hae
870 3055 985 3120 forma:
1010 3090 1022 3103 s

439 3249 1061 3380 [sommum-rmum

438 3369 590 3426 inversu
607 3348 1216 3837 ι1>ο1111111111ο11111111111111ἶ

440 3458 1148 3526 SVPPLIOATIONus·BINAS·OB·uus·Puosl>

438 3575 508 3629 rrsr
564 3598 574 3614 ·
631 3573 848 3627 ouuuunurn
907 3598 914 3614 ·
974 3575 1105 3628 usurus

1170 3782 1191 3835 r

417 3677 486 3732 PRO
499 3700 507 3717 ·
522 3676 658 3730 GONSVL
670 3699 678 3716 ·
689 3676 796 3730 ASIAM
806 3699 815 3718 ο
825 3677 1043 3731 PROVINCIAM
1055 3703 1065 3721 ο
1075 3680 1118 3732 ΟΡ

438 3766 519 3833 DIVI
544 3801 553 3820 ·
579 3773 902 3842 Avuvsumuuuvu
932 3805 941 3822 ·
968 3781 1168 3836 sumanus·

149 3985 273 4050 Prodiit
296 3983 437 4068 primum
459 3981 494 4046 in
516 3980 657 4045 Novellis
673 3979 862 4047 Florentinis
881 3983 964 4047 1765
988 4004 1019 4067 p.
1032 3984 1096 4048 355
1120 3982 1208 4060 (indo
1231 3984 1343 4048 Donat
1361 3984 1436 4059 464,
1453 3984 1503 4069 3);

145 4088 260 4154 deinde
294 4106 351 4172 pro
375 4084 493 4152 inedito
516 4084 550 4149 in
574 4083 799 4150 Sanclementii
829 4104 920 4169 opere
951 4086 990 4149 de
1012 4087 1152 4169 vulgaris
1175 4106 1265 4151 aerae
1289 4088 1507 4153 emendatione

146 4195 284 4276 (Romae
303 4191 402 4270 1793)
424 4190 543 4274 pall,
574 4188 625 4254 cui
649 4187 816 4272 descripsit
839 4189 938 4254 abbas
962 4189 1062 4268 Sarti3
1093 4190 1231 4274 denique
1254 4212 1293 4256 ex
1318 4193 1505 4277 apographo,

144 4297 227 4378 quod
253 4293 455 4379 sumpsimus
471 4293 638 4358 Hennenus
663 4302 694 4358 et
711 4312 768 4375 ego
785 4312 879 4376 opera
894 4293 1070 4371 coniuncta,
1093 4295 1179 4379 apud
1195 4297 1429 4380 Bergmennum
1444 4296 1466 4358 l.
1480 4316 1505 4357 c.

145 4407 173 4464 et
194 4401 392 4465 Hennenum
414 4419 446 4462 11.
461 4397 546 4460 5366
563 4396 633 4460 coll.
659 4395 730 4461 add.
754 4418 785 4480 p.
799 4398 873 4460 496.
919 4397 1047 4462 Errores
1074 4418 1138 4462 non
1160 4399 1207 4464 ita
1229 4403 1345 4466 multos
1368 4399 1508 4485 priorum

145 4507 263 4570 referre
292 4501 375 4566 nihil
397 4494 518 4575 attinet,
543 4519 615 4564 oum
637 4499 729 4564 lectio
754 4505 838 4564 certa
861 4500 904 4564 sit
925 4508 958 4564 et
978 4501 1155 4586 perspicua.

258 4606 386 4672 Nomen
408 4605 487 4680 eius,
516 4603 566 4667 cui
590 4603 702 4668 titulus
726 4603 849 4688 positus
872 4605 943 4682 luit,
973 4627 1046 4670 cum
1069 4606 1206 4691 perierit,
1237 4607 1410 4672 videndum
1431 4614 1509 4672 num

146 4732 180 4773 ex
201 4731 321 4776 rerum
342 4709 469 4773 indiciis
494 4727 573 4790 quae
590 4715 759 4794 supersunt
774 4708 813 4774 de
830 4729 865 4773 eo
882 4710 1061 4776 coniectura
1076 4713 1147 4796 capi
1162 4713 1271 4797 possit.
1307 4712 1389 4778 Sunt
1404 4720 1510 4777 autmr

147 4815 270 4880 iudicia
299 4818 446 4896 quattuor
469 4812 559 4876 haec:
