3734 5517
669 377 821 432 rrrvnvs
842 340 1059 434 nrnveriuvs
1480 381 1541 443 123

183 553 342 632 diximus,
373 551 484 634 Syriae
512 552 692 636 provinciae
720 553 870 618 decennio
900 553 1024 618 circiter
1045 560 1118 637 post
1139 555 1339 620 consulatum
1367 554 1488 618 dandae
1511 561 1543 618 et

182 667 269 722 recte
292 677 327 720 se
350 655 565 720 accommodat
587 657 627 720 ad
650 677 757 722 rerum
779 664 938 740 gestarum
955 656 1107 734 ordinem,
1132 659 1188 741 qui
1203 667 1252 723 est
1268 659 1352 744 apud
1364 659 1520 724 Tacitum

298 762 328 826 2.
365 761 398 826 O.
423 760 537 823 Caesar
558 760 593 822 15
617 761 769 824 orientem
796 761 915 826 missus
940 782 968 824 a.
985 762 1049 825 753
1072 761 1182 844 ibique
1205 783 1232 826 a.
1250 765 1312 826 757
1337 762 1368 828 d.
1391 762 1483 828 Febr.
1501 763 1538 826 21

181 865 354 930 defunctus
375 868 511 928 rectores
533 863 646 928 habuit
667 864 805 948 primum
829 864 872 930 M.
888 864 1041 941 Lollium,
1067 865 1181 930 deinde
1205 885 1241 930 eo
1262 871 1386 930 mortuo
1409 886 1480 930 eum
1504 864 1543 928 de

182 989 248 1052 quo
272 967 395 1050 agimus
417 967 596 1051 Quirinium
620 968 711 1050 (Tae.
726 969 748 1034 l.
766 989 808 1032 e.:
834 971 927 1034 dutus
952 979 1057 1034 rector
1082 972 1115 1036 C.
1135 972 1271 1034 Caesari
1286 972 1467 1034 Armenium
1490 971 1544 1032 ob·

183 1077 323 1148 tinenti;
347 1073 387 1138 51.
406 1065 689 1136 Suomarium.
713 1073 838 1149 115112,
855 1074 944 1156 102).
982 1073 1119 1138 Tantam
1141 1095 1248 1139 curam
1270 1095 1363 1138 nemo
1384 1072 1490 1138 credet
1504 1073 1544 1136 ab

182 1179 331 1259 Augusto
361 1175 550 1261 permissam
579 1196 648 1240 esse
677 1175 740 1240 nisi
764 1175 830 1240 viro
859 1197 967 1241 rerum
989 1175 1126 1242 Orientis
1153 1197 1216 1242 555
1243 1197 1339 1259 gnaro
1369 1176 1488 1260 quiquo
1510 1177 1544 1240 in
1606 1169 1615 1182 ”

182 1279 266 1364 15515
293 1279 372 1346 15515
402 1279 453 1344 551
484 1279 736 1363 experimentum
763 1279 904 1358 fecisset3
941 1280 1039 1363 idque
1068 1281 1154 1345 cadit
1180 1282 1307 1345 omnino
1334 1282 1367 1344 15
1397 1281 1544 1355 Lollium,

182 1384 306 1468 quippe
330 1383 517 1466 5515729
543 1383 700 1446 Galatiam
721 1389 794 1466 post
815 1385 973 1466 Amyntae
996 1390 1129 1448 mortem
1153 1385 1185 1449 in
1210 1385 1390 1470 provinciae
1412 1386 1546 1448 formam

181 1487 362 1569 redegisset
384 1487 579 1571 (11515557,
599 1486 664 1570 10).
718 1488 820 1563 Quam
843 1486 882 1550 ob
905 1507 974 1550 rem
996 1506 1033 1550 55
1062 1487 1132 1571 1555
1155 1488 1258 1552 officio
1281 1493 1413 1570 augetur
1434 1488 1546 1571 proba·

183 1591 297 1655 bilitas
320 1588 500 1667 Quirinium
528 1595 620 1654 antea
643 1609 768 1672 quoque
791 1590 825 1653 in
850 1589 977 1654 Oriente
1007 1591 1202 1674 provinciam
1225 1592 1367 1674 aliquam
1388 1592 1546 1674 insignem

181 1695 322 1758 feliciter
344 1693 593 1758 administrasse.
628 1694 742 1758 Rector
765 1699 871 1758 autem
896 1693 973 1758 Gaio
996 1693 1125 1759 additus
1148 1702 1197 1760 est
1219 1702 1291 1780 post
1313 1695 1435 1760 obitum
1452 1695 1546 1759 Lollii

182 1798 306 1862 mortui
333 1817 362 1862 a.
380 1799 459 1874 755,
492 1803 524 1862 51
547 1797 677 1880 quidem
699 1797 884 1861 Armeniam
912 1797 1083 1875 obtinenti,
1112 1798 1145 1862 id
1175 1806 1224 1864 est
1246 1820 1274 1864 a.
1293 1801 1373 1876 756,
1400 1798 1435 1863 id
1463 1799 1547 1882 quod

184 1901 307 1986 optime
329 1900 477 1966 convenit
499 1922 570 1966 eum
594 1901 760 1984 legationis
777 1900 925 1984 Syriacae
950 1901 1042 1966 annis
1066 1923 1145 1985 quos
1168 1925 1265 1988 supra
1285 1904 1467 1969 invenimus
1483 1906 1543 1968 751

183 2012 216 2070 51
232 2009 252 2068 7
257 2006 310 2070 52.
325 2043 364 2055 -
381 2006 426 2070 At
447 2006 539 2070 aliter
561 2005 652 2088 longe
668 2003 835 2090 Zumptius
858 2003 981 2068 iudicat
1002 2006 1082 2089 (1.5.
1106 2009 1237 2091 5102).
1273 2008 1454 2084 Quirinium
1476 2028 1547 2072 oum

183 2106 327 2172 Caesare
349 2109 384 2173 15
407 2108 567 2174 Orientem
589 2108 723 2173 missum
746 2129 816 2172 esse
840 2129 912 2172 cum
935 2108 1075 2193 primum
1103 2110 1132 2174 is
1155 2110 1404 2194 proficisceretur
1426 2131 1455 2173 a.
1472 2110 1546 2185 753,

182 2233 292 2296 55555
316 2233 389 2278 eum
408 2213 509 2278 Lollio
532 2212 732 2290 successisse,
757 2211 813 2275 sed
835 2211 899 2296 ipsi
921 2212 1068 2289 Lollium,
1094 2213 1272 2289 Quirinium
1295 2220 1401 2278 autem
1416 2215 1549 2277 Romam

184 2337 353 2382 reversum
369 2324 401 2382 et
416 2317 482 2381 iam
497 2317 636 2382 solutum
653 2315 776 2380 bellicis
793 2316 876 2380 euris
892 2323 1111 2402 postmortem
1127 2317 1161 2381 L.
1174 2317 1317 2382 Caesaris
1338 2339 1366 2381 5.
1376 2311 1439 2381 755
1456 2337 1548 2401 5555-

184 2445 257 2488 sam
274 2422 344 2487 5155
359 2422 533 2486 Aemiliam
548 2421 701 2506 Lepidam
715 2421 749 2484 15
764 2421 1004 2486 matrimonium
1019 2421 1159 2486 duxisse.
1194 2423 1238 2487 At
1251 2421 1391 2505 primum
1404 2421 1459 2498 ita,
1475 2441 1550 2486 cum

183 2532 313 2592 constet
333 2525 471 2590 Lollium
493 2525 527 2588 in
551 2524 652 2589 officio
680 2523 856 2588 decessisse
886 2524 980 2608 eique
1003 2545 1217 2590 successorem
1241 2525 1458 2608 quaerendum
1480 2545 1550 2588 5555

182 2651 293 2714 55555
315 2629 419 2694 ullum
442 2628 540 2694 alium
563 2634 687 2713 praesto
704 2649 773 2693 esse
788 2635 912 2713 praeter
928 2628 1108 2705 Quirinium
1126 2630 1215 2712 (nam
1232 2628 1425 2693 Censorinus
1435 2628 1552 2692 Velleii

183 2736 300 2812 2,102
324 2753 387 2798 555
409 2733 471 2798 1511
490 2739 593 2798 555155
609 2733 800 2798 (1115555515
821 2733 854 2796 in
872 2733 974 2817 Syria,
999 2733 1054 2796 sed
1075 2732 1244 2817 proconsul
1267 2731 1375 2808 Asiae,
1403 2755 1431 2796 v.
1454 2751 1552 2816 supra

182 2837 298 2923 551),
326 2841 438 2922 parata
463 2841 654 2922 spernuntur
683 2842 882 2919 rectoresque
913 2837 1057 2901 Caesaris
1091 2856 1147 2920 pro
1175 2836 1299 2900 duobus
1333 2834 1389 2918 qui
1418 2837 1549 2900 luerunt

183 2945 352 3025 finguntur
380 2947 444 3004 1555
473 2947 668 3024 quattuorve.
721 2939 843 3004 Deinde
871 2941 956 3024 quod
984 2940 1031 3004 ait
1052 2940 1182 3005 Tacitus
1207 2939 1388 3016 Quirinium
1416 2940 1552 3004 missum
1608 2934 1612 2941 ⁴

184 3067 260 3112 esse
284 3044 324 3114 ad
350 3045 383 3108 G.
400 3046 567 3109 Gaesarem
587 3047 766 3109 Armenium
783 3047 980 3121 obtinentem,
1005 3064 1207 3127 nequaquam
1236 3049 1340 3128 potest
1363 3043 1549 3124 significare,

183 3152 275 3216 sicut
297 3149 444 3234 Zumptio
466 3149 573 3213 visum
596 3155 644 3213 est
665 3169 768 3232 posse,
792 3149 1045 3234 proficiscentem
1068 3148 1108 3212 ad
1131 3146 1365 3231 expeditionem
1388 3146 1552 3210 Armenia·

184 3275 275 3334 eam3
301 3274 377 3316 nam
401 3272 593 3336 quamquam
615 3252 787 3336 provincia,
812 3251 951 3316 maxime
972 3253 1049 3316 olim
1070 3251 1241 3316 constituta
1257 3256 1289 3314 et
1303 3270 1430 3325 vacans,
1455 3249 1553 3314 etiam

182 3361 260 3424 iure
283 3356 351 3421 solo
373 3356 509 3421 obtineri
531 3362 635 3442 potest
657 3357 696 3420 ab
720 3377 766 3434 eo,
791 3355 845 3439 qui
868 3376 902 3418 re
924 3375 988 3419 non
1009 3355 1140 3429 obtinet,
1164 3360 1271 3418 tamen
1295 3353 1478 3439 Scipionem
1499 3353 1553 3418 ad·

184 3483 303 3528 versus
325 3456 539 3526 Hannibalem
566 3461 701 3524 missurn
727 3459 799 3543 5515
824 3459 907 3524 dicet
929 3460 1070 3524 Africam
1098 3464 1171 3522 ante
1195 3457 1374 3522 obtinuisse
1398 3477 1494 3540 quam
1517 3478 1553 3522 eo

185 3563 387 3650 appelleret?
429 3565 530 3629 Immo
560 3571 680 3628 certum
709 3571 757 3628 est
784 3564 930 3629 Tacitum
960 3564 1038 3628 haec
1067 3563 1129 3628 duo
1157 3564 1256 3626 verba
1289 3562 1360 3626 ideo
1389 3562 1553 3639 adiecisse,

182 3677 224 3736 ut
251 3667 433 3746 Quirinium
461 3674 600 3732 extremo
630 3675 662 3733 et
690 3666 878 3732 difficillimo
909 3673 1050 3751 tempore
1078 3667 1112 3730 15
1142 3666 1342 3751 expeditione
1365 3666 1555 3729 Armeniaca

183 3777 220 3840 O.
242 3772 391 3838 Caesaris
420 3771 568 3836 comitem
594 3777 810 3853 rectoremque
839 3771 940 3834 151555
968 3771 1214 3853 intellegeretur.
1266 3768 1426 3850 Originem
1448 3775 1555 3834 autem

182 3877 287 3944 duxit
309 3896 459 3959 perversa
473 3875 613 3959 Zumptii
635 3875 853 3959 interpretatio
877 3895 916 3938 ex
940 3895 1036 3938 eausa
1059 3894 1121 3938 non
1136 3871 1356 3956 improbabili3
1380 3893 1454 3936 vere
1469 3873 1555 3936 enim

183 3981 299 4048 Taciti
322 3980 420 4044 verba
448 3980 486 4044 de
510 3979 653 4056 Quirinio
683 3979 728 4042 sic
750 3986 787 4042 ut
815 4000 900 4042 5555
929 3979 1066 4042 eduntur
1088 3997 1161 4040 oum
1189 3997 1295 4039 rerum
1318 3977 1471 4040 memoria
1492 3997 1555 4041 555

183 4087 273 4152 satis
296 4084 499 4151 conveniunt.
533 4084 614 4148 Nam
638 4083 666 4147 51
687 4083 733 4146 115
749 4083 878 4146 Tacitus
900 4081 1042 4166 scripsit:
1067 4083 1222 4161 datusque
1243 4090 1350 4144 rector
1368 4081 1402 4144 0.
1421 4082 1556 4144 Caesari

184 4191 377 4256 Armenium
400 4189 553 4269 obtinenti
579 4190 734 4251 Tiberium
762 4207 882 4269 quoquc
912 4189 1016 4250 libodi
1043 4192 1187 4266 agentern
1210 4187 1369 4261 coluerat,
1400 4184 1556 4267 quomodo

183 4291 437 4362 conciliabimus
461 4291 639 4369 Quirinium
663 4291 703 4355 ad
725 4292 891 4356 Caesarem
913 4290 946 4353 in
970 4289 1154 4354 Armeniam
1176 4296 1397 4374 properantem
1420 4289 1557 4352 coluisse

183 4397 363 4466 Tiberium
386 4396 503 4474 Rhodi,
533 4396 618 4460 unde
648 4395 676 4460 is
705 4395 785 4459 abiit
808 4399 926 4458 aestate
950 4414 978 4460 a.
993 4393 1073 4470 755,
1104 4393 1303 4476 eundemque
1327 4393 1367 4457 ad
1390 4394 1555 4456 Caesarem

182 4511 345 4570 vocatum
368 4519 438 4566 esse
453 4500 553 4566 Lollio
577 4500 734 4577 defuncto,
760 4500 816 4583 qui
838 4499 918 4564 obiit
940 4499 1010 4584 ipso
1034 4520 1063 4561 a.
1080 4496 1165 4562 755?
1203 4498 1246 4562 At
1267 4518 1331 4561 nou
1346 4496 1476 4560 Tacitus
1498 4497 1557 4561 hoc

184 4607 285 4684 dicit,
311 4605 367 4669 sed
391 4605 447 4688 qui
469 4605 553 4668 male
576 4605 673 4669 verba
695 4605 764 4668 eius
788 4603 1016 4681 distinxerunt3
1046 4602 1215 4685 legendum
1238 4603 1380 4667 omnino:
1404 4603 1494 4664 Nihil
1515 4604 1559 4664 ud

182 4724 334 4782 eeterern
433 4712 647 4792 Sulpiciorum
681 4712 837 4792 fertilium
871 4710 1035 4785 Quirinius
1061 4711 1232 4788 pertinuit,
1262 4716 1351 4771 ortus
1381 4709 1468 4786 apud
1494 4727 1557 4767 rnu-

183 4819 351 4899 nieipiurn
365 4817 545 4891 Lanuuium,
570 4817 628 4880 sed
650 4817 783 4896 impiger
806 4815 949 4878 militine·
964 4821 994 4878 et
1016 4814 1145 4876 5551555
1160 4813 1346 4876 ministeriis
1364 4813 1559 4875 consulatum
