3734 5517
791 494 828 555 A.
875 488 993 557 PARS
1015 489 1206 557 LATINA.

435 650 623 735 Exemplum
645 651 793 715 Latinum
815 672 888 715 cum
910 652 951 715 ab
974 671 1010 715 eo
1034 651 1095 728 die,
1120 672 1182 735 quo
1204 652 1341 715 incisum
1364 658 1421 729 est,
1446 653 1486 717 ad
1510 653 1594 719 huno
1617 676 1674 739 pu-

326 754 407 818 blice
429 755 603 839 prostiterit
624 756 691 820 loeo
714 754 961 833 evidentissimo,
984 755 1119 839 insignis
1141 756 1338 821 monumenti
1360 756 1473 821 notitia
1494 758 1676 842 percrebuit

326 859 366 923 ab
397 879 432 923 eo
459 858 528 944 ipso
556 864 710 944 tempore,
744 880 804 944 quo
834 861 989 925 restitutis
1017 860 1131 927 littaris
1153 861 1215 926 viri
1244 860 1328 925 docti
1355 861 1494 945 primum
1515 864 1676 945 Aneyram

303 1002 313 1014 ι
325 970 557 1048 ρθινθιιθτιιιιὶ.Α
603 965 663 1042 Qui
692 966 819 1030 fuerunt
846 966 944 1049 legati
977 966 1039 1031 duo
1068 966 1108 1030 ab
1136 965 1324 1051 imperatore
1355 966 1540 1031 Germaniae
1568 966 1676 1031 Ferdi·

325 1068 429 1134 nando
446 1069 477 1133 Π
500 1091 528 1136 a.
543 1070 626 1133 1555
651 1070 690 1135 ad
713 1070 933 1156 imperatorem
956 1071 1129 1137 Turearum
1153 1070 1351 1137 Solimanum
1372 1071 1560 1136 Vindobona
1580 1073 1677 1137 Ama·

327 1172 407 1237 siam
429 1173 520 1239 missi
543 1174 699 1257 Augurius
717 1174 875 1239 Gislenius
894 1175 1095 1258 Busbequius
1111 1175 1250 1239 Batavus
1274 1181 1306 1239 et
1320 1175 1477 1241 Antonius
1492 1176 1677 1241 Wranteius

327 1276 394 1341 sive
409 1276 577 1343 Verantius
601 1279 766 1364 episeopus
789 1281 903 1362 Agriae
926 1300 1000 1345 cum
1021 1279 1190 1346 comitibus
1213 1277 1340 1364 suis*).
1386 1280 1540 1364 Exempla
1561 1280 1676 1345 borum

329 1380 421 1447 iussn
434 1390 566 1467 excepta
577 1403 640 1448 non
651 1384 747 1468 plena
758 1394 789 1449 et
800 1384 910 1449 multis
922 1384 1000 1448 locis
1012 1389 1157 1469 corrupta
1168 1404 1241 1449 cum
1252 1384 1384 1449 minime
1396 1385 1625 1462 satisfacerent,
1638 1386 1678 1448 ab

327 1505 363 1549 eo
378 1486 453 1551 inde
467 1492 607 1573 tempore
623 1487 766 1553 homines
782 1486 866 1553 docti
881 1494 1027 1573 expetere
1042 1493 1220 1571 coeperunt,
1237 1494 1274 1553 ut
1287 1488 1446 1570 integmm
1457 1496 1489 1553 et
1502 1490 1678 1573 perlectum

328 1592 543 1677 apographum
565 1598 743 1677 pararetur,
774 1613 908 1675 cumque
930 1592 1045 1657 Daniel
1067 1592 1237 1657 Gossonius
1265 1592 1444 1677 exemplum
1467 1593 1531 1657 sibi
1554 1614 1678 1678 compa-

222 1728 225 1740 ·
328 1701 429 1760 rasset
450 1695 513 1760 nisi
537 1696 663 1775 bonnm,
686 1704 770 1761 certe
791 1697 1016 1780 anbequiano
1038 1697 1287 1782 praeferendum,
1311 1698 1443 1762 Paullus
1463 1699 1565 1771 Lucas
1587 1699 1679 1763 iussn

329 1800 480 1865 Ludovici
495 1801 568 1866 XIV
591 1809 658 1867 tum
682 1802 803 1867 Galliae
830 1804 913 1886 regis
943 1802 983 1866 ob
1009 1802 1044 1866 id
1072 1802 1179 1887 ipsum
1206 1802 1325 1867 missus
1348 1804 1506 1886 Ancyram
1532 1803 1678 1887 imperite

329 1904 467 1988 quidem,
492 1905 548 1969 sed
570 1928 643 1972 oum
665 1907 726 1971 fide
750 1913 781 1972 et
796 1907 962 1990 diligentia
982 1927 1169 1990 summaque
1189 1907 1343 1991 propositi
1364 1906 1542 1971 constantia
1556 1907 1678 1991 primus

329 2017 568 2075 monumentum
596 2018 698 2077 totum
726 2012 901 2096 descripsit.
954 2013 998 2077 At
1020 2012 1122 2076 Lucae
1154 2010 1333 2096 exemplum
1362 2031 1556 2095 quamquam
1578 2011 1680 2076 multa
1788 2043 1792 2076 :

328 2113 451 2179 addidit
473 2114 723 2199 emendavitque,
746 2123 852 2180 tamen
875 2136 1076 2200 nequaquam
1098 2115 1162 2179 tale
1177 2115 1247 2193 fuit,
1273 2115 1366 2199 quale
1385 2115 1597 2199 expetendum
1613 2124 1681 2179 erat
1718 2184 1722 2191 ,
1791 2159 1792 2174 r

328 2218 363 2282 in
392 2219 485 2284 titulo
516 2220 572 2305 qui
599 2220 682 2285 inter
704 2222 832 2286 Latinos
862 2221 1008 2287 omnibus
1038 2220 1307 2285 consentientibus
1337 2220 1475 2305 primum
1495 2220 1602 2285 locum
1624 2222 1679 2285 ob·

239 2328 241 2333 ’
327 2323 419 2388 tinet.
458 2322 522 2387 Nee
546 2324 614 2388 sine
637 2345 733 2388 eausa
754 2325 954 2391 mirabuntur
976 2325 1095 2410 posteri
1117 2325 1258 2390 omnium
1281 2324 1446 2389 nationum
1467 2324 1551 2388 viros
1573 2324 1680 2389 doctos

328 2448 386 2511 per
407 2446 505 2491 annos
527 2428 601 2512 plus
623 2434 777 2494 trecentos
806 2430 923 2494 frustra
945 2429 1156 2507 laboravisse,
1186 2437 1223 2493 ut
1250 2450 1369 2514 paucae
1392 2430 1526 2514 paginae
1549 2428 1680 2494 Latinae
1789 2513 1790 2522 ἵ

328 2530 362 2594 in
378 2531 457 2595 Asia
478 2532 598 2596 minore
613 2533 739 2618 publice
754 2540 931 2618 prestantes
946 2543 1029 2621 reete
1046 2534 1306 2599 describerentur.
1346 2537 1437 2599 Anno
1454 2534 1581 2599 demum
1595 2536 1678 2599 1861
1789 2607 1790 2610 Ἴ

330 2634 413 2719 quod
435 2642 483 2701 tot
504 2658 614 2721 regum
636 2639 850 2721 generationes
873 2646 929 2704 aut
943 2639 1121 2722 ignorantia
1135 2660 1194 2705 sua
1209 2645 1264 2703 aut
1277 2640 1401 2704 incuria
1415 2641 1518 2705 faeere
1533 2641 1680 2724 neglexe-
1789 2651 1790 2660 ’

326 2746 408 2817 rant,
432 2741 466 2804 in
490 2763 523 2805 se
546 2743 685 2829 suscepit
706 2744 844 2829 Napoleo
860 2745 906 2808 ΙΙΙ
930 2745 1093 2809 Gallorum
1115 2745 1285 2829 imperator
1306 2744 1476 2829 perficique
1491 2744 1586 2809 iussit
1601 2745 1681 2808 bene
1789 2755 1790 2762 ’

329 2840 439 2930 coepta
461 2846 536 2910 olim
561 2849 711 2934 auspiciis
733 2848 885 2913 Ludovici
900 2849 984 2915 XIV.
1022 2849 1072 2913 lta
1093 2849 1184 2912 iussu
1206 2847 1306 2926 illius,
1330 2869 1406 2912 eura
1427 2856 1533 2913 antem
1557 2855 1589 2914 et
1611 2849 1681 2913 dili·

329 2950 435 3032 gentia
457 2951 581 3036 Georgii
602 2952 711 3018 Perrot
733 2959 765 3016 et
787 2952 947 3017 Edmundi
970 2952 1149 3017 Guillaume
1171 2952 1263 3016 bonis
1285 2936 1401 3017 litteris
1423 2953 1520 3018 trium
1543 2953 1682 3018 saeculo-

329 3075 400 3118 rum
424 3054 565 3120 debitum
588 3057 717 3123 tandem
740 3057 912 3141 aliquando
936 3057 1115 3122 exsolutum
1137 3063 1186 3121 est
1199 3056 1434 3141 habuimusque
1448 3063 1574 3143 praeter
1588 3058 1682 3123 Grae-

330 3180 402 3223 cum
426 3161 602 3245 expletum,
627 3161 751 3245 dequo
775 3161 858 3226 infra
879 3161 1016 3239 dicetur,
1045 3162 1145 3247 partis
1167 3162 1298 3227 Latinae
1322 3162 1501 3246 exemplum
1524 3154 1683 3246 integmm

330 3270 361 3327 et
382 3265 526 3348 probum.
574 3267 770 3349 Quamquam
793 3266 947 3351 exemplis
971 3266 1140 3350 antiquiori
1166 3267 1226 3331 bus
1249 3288 1310 3332 non
1335 3266 1462 3334 omnino
1485 3286 1589 3331 cerere
1611 3288 1683 3354 pos-

330 3389 455 3446 sumus,
484 3370 622 3435 maxime
650 3376 777 3455 propter
798 3370 882 3435 locos
906 3378 938 3434 et
958 3371 1096 3435 minores
1119 3371 1241 3454 aliquot
1263 3377 1295 3435 et
1323 3370 1401 3435 duos
1427 3370 1562 3435 maiores
1592 3373 1622 3449 5,
1641 3374 1683 3437 34

331 3475 635 3552 -480i6,1-6,
660 3495 738 3558 quos
763 3475 817 3558 qui
840 3476 916 3539 olim
932 3475 1168 3561 descripserunt
1182 3475 1288 3539 minus
1310 3476 1510 3561 imperfectos
1533 3476 1683 3542 viderunt
1790 3501 1791 3546 l

333 3600 429 3662 qnam
452 3585 622 3661 comuntur
645 3579 747 3656 hodie,
771 3578 876 3664 lapide
892 3579 1020 3643 interim
1034 3579 1201 3645 imminuto
1217 3578 1382 3665 superficie
1397 3580 1583 3645 dissiliente.
1623 3582 1684 3645 lta-
1790 3609 1791 3614 ¹

331 3705 391 3767 que
413 3684 477 3749 iam
500 3683 734 3780 recensebimus
758 3683 883 3766 singula
906 3684 1061 3768 exempla,
1086 3703 1219 3767 quorum
1235 3684 1363 3768 quidem
1379 3685 1470 3769 copia
1485 3684 1575 3749 nobis
1590 3686 1661 3751 fuit

402 3898 432 3962 *)
456 3900 496 3953 Ita
514 3902 545 3953 de
564 3900 640 3953 titulo
659 3898 823 3966 Busbequius
842 3899 899 3967 ipse
917 3899 1068 3967 (legationis
1081 3898 1208 3951 'l'urcicae
1227 3901 1355 3968 epistulae
1372 3904 1502 3968 quattuor.
1520 3900 1685 3954 Franeoiurti

333 3988 410 4041 1595.
428 3988 452 4040 8.
472 4004 497 4055 p.
508 3986 566 4048 65):
590 3989 725 4054 Ancyram,
743 3985 841 4053 inquit,
858 3988 964 4037 venimus
981 3988 1103 4037 maasiam
1121 4004 1138 4037 a
1158 3985 1366 4053 Constantinopoli
1382 3987 1490 4039 XIX..
1502 4026 1524 4038 ..
1560 3990 1614 4039 Hie
1628 3990 1684 4054 pal-

331 4076 472 4126 clrerrimam
494 4076 597 4125 vidimus
619 4076 796 4140 inscriptionem
819 4084 841 4125 st
865 4074 1002 4124 tabularum
1020 4074 1131 4136 illamam,
1155 4075 1242 4138 quibas
1264 4076 1365 4125 indicem
1388 4094 1466 4125 rernm
1485 4094 1501 4125 a
1519 4094 1545 4127 se
1561 4086 1685 4141 gestarunt

331 4163 467 4227 complexus
486 4172 521 4213 est
539 4162 673 4228 Angustus,
693 4162 830 4227 exemplum.
867 4161 901 4211 Id
918 4171 1036 4225 quatenns
1054 4162 1104 4227 legi
1117 4163 1207 4226 potuit,
1226 4180 1273 4227 per
1290 4173 1384 4213 nosnos
1402 4162 1507 4213 domines
1525 4164 1686 4213 transcriben-

331 4248 386 4299 dam
404 4250 546 4299 curavimus.
583 4249 663 4299 Entat
682 4249 781 4299 incisum
800 4249 916 4312 aedificii,
937 4250 1002 4313 qnod
1018 4248 1074 4299 oiim
1086 4250 1198 4314 sortasse
1214 4251 1363 4315 praetoriam
1374 4250 1465 4315 fuerit,
1487 4249 1566 4300 diruti
1584 4259 1607 4303 et
1626 4259 1686 4300 tecto

331 4337 437 4386 carentis
454 4336 593 4385 memoraie
607 4335 753 4401 parietibus,
772 4336 808 4385 ita
827 4344 853 4385 at
870 4336 974 4386 dimidia
989 4354 1050 4401 pars
1061 4337 1208 4387 intrantibus
1219 4337 1256 4387 ad
1265 4337 1384 4400 dextram,
1403 4336 1506 4387 dimidia
1517 4337 1554 4387 ad
1562 4337 1686 4387 sinistram

331 4432 450 4473 occurrat.
492 4422 612 4487 Suprema
635 4423 718 4488 capita
730 4423 787 4487 sere
811 4423 908 4488 integra
929 4434 996 4487 sant,
1022 4425 1101 4475 media
1124 4424 1218 4475 mnis
1236 4425 1349 4475 laborare
1370 4425 1500 4490 incipiant,
1524 4424 1610 4487 iqfima
1631 4442 1687 4475 vero

333 4510 456 4561 clavarum
475 4519 498 4560 st
519 4511 636 4561 securium
659 4511 747 4562 ictibns
770 4512 806 4562 ita
829 4511 952 4573 lacerata,
976 4520 1003 4562 at
1021 4512 1071 4578 legi
1087 4513 1258 4577 nonpossint,
1280 4513 1346 4577 qaod
1366 4530 1426 4563 sane
1443 4512 1480 4562 rei
1498 4512 1625 4562 literariae
1642 4530 1688 4562 non

333 4596 451 4648 mediocre
468 4597 579 4648 damnum
598 4607 633 4648 est
651 4616 667 4649 a
685 4598 762 4649 doctis
779 4598 862 4648 merito
881 4598 1052 4663 deplorandam
1071 4599 1144 4663 idque
1162 4617 1188 4649 eo
1206 4600 1293 4665 magis,
1313 4600 1379 4664 quod
1389 4601 1470 4650 nrbern
1483 4598 1552 4650 iliam
1564 4601 1596 4649 ab
1608 4599 1688 4649 Asiae

332 4686 498 4736 communitate
516 4684 628 4751 Angusto
647 4687 753 4736 dicatam
764 4686 847 4751 saissa
865 4695 962 4735 constet.
1003 4684 1141 4738 Praeterea
1158 4682 1277 4738 rideatur
1299 4684 1332 4737 do
1356 4686 1405 4738 boe
1428 4686 1522 4738 itinere
1541 4683 1570 4739 G.
1581 4684 1642 4738 I.L.
1661 4686 1688 4737 11

332 4772 387 4838 p.4
406 4786 523 4840 quaeque
542 4772 665 4840 exposuit
682 4771 791 4840 Kiepert
809 4773 835 4824 in
855 4772 921 4825 actis
941 4772 1081 4824 menstruis
1100 4771 1171 4824 acad.
1191 4770 1277 4824 Berol.
1293 4770 1360 4825 1863
1378 4788 1404 4839 p.
1414 4770 1472 4825 307·
1480 4786 1519 4839 sq.
