<?xml version="1.0" encoding="UTF-8"?>
<!DOCTYPE html PUBLIC "-//W3C//DTD XHTML 1.0 Transitional//EN"
    "http://www.w3.org/TR/xhtml1/DTD/xhtml1-transitional.dtd">
<html xmlns="http://www.w3.org/1999/xhtml" xml:lang="en" lang="en">
 <head>
  <title>
</title>
<meta http-equiv="Content-Type" content="text/html;charset=utf-8" />
  <meta name='ocr-system' content='tesseract 3.04.00' />
  <meta name='ocr-capabilities' content='ocr_page ocr_carea ocr_par ocr_line ocrx_word'/>
</head>
<body>
  <div class='ocr_page' id='page_1' title='image "./resgestaediviau01augugoog_0153.png"; bbox 0 0 3734 5517; ppageno 0'>
   <div class='ocr_carea' id='block_1_1' title="bbox 764 354 1532 420">
    <p class='ocr_par' dir='ltr' id='par_1_1' title="bbox 764 354 1532 420">
     <span class='ocr_line' id='line_1_1' title="bbox 764 354 1532 420; baseline 0.013 -12"><span class='ocrx_word' id='word_1_1' title='bbox 764 354 811 420; x_wconf 80' lang='lat' dir='ltr'>lv,</span> <span class='ocrx_word' id='word_1_2' title='bbox 825 355 948 408; x_wconf 91' lang='grc'>12-16</span> <span class='ocrx_word' id='word_1_3' title='bbox 1492 355 1532 418; x_wconf 82' lang='grc'>57</span> 
     </span>
    </p>
   </div>
   <div class='ocr_carea' id='block_1_2' title="bbox 174 526 1592 4870">
    <p class='ocr_par' dir='ltr' id='par_1_2' title="bbox 174 526 1542 3000">
     <span class='ocr_line' id='line_1_2' title="bbox 315 526 1534 614; baseline 0 -24"><span class='ocrx_word' id='word_1_4' title='bbox 315 530 396 608; x_wconf 85' lang='lat' dir='ltr'>ll‚1</span> <span class='ocrx_word' id='word_1_5' title='bbox 430 527 512 592; x_wconf 71' lang='grc' dir='ltr'>θέντι</span> <span class='ocrx_word' id='word_1_6' title='bbox 534 527 594 613; x_wconf 81' lang='grc' dir='ltr'>τῷ]</span> <span class='ocrx_word' id='word_1_7' title='bbox 617 527 749 612; x_wconf 78' lang='grc' dir='ltr'>ἐ[δοὶ]φει</span> <span class='ocrx_word' id='word_1_8' title='bbox 775 526 888 612; x_wconf 55' lang='lat' dir='ltr'>[abdic</span> <span class='ocrx_word' id='word_1_9' title='bbox 916 527 948 598; x_wconf 77' lang='grc' dir='ltr'>ἐξ</span> <span class='ocrx_word' id='word_1_10' title='bbox 979 528 1161 614; x_wconf 63' lang='grc' dir='ltr'>ἐπιῆγραφῆς</span> <span class='ocrx_word' id='word_1_11' title='bbox 1191 527 1336 612; x_wconf 83' lang='grc' dir='ltr'>ὀνόματος</span> <span class='ocrx_word' id='word_1_12' title='bbox 1365 532 1422 592; x_wconf 79' lang='grc' dir='ltr'>τῶν</span> <span class='ocrx_word' id='word_1_13' title='bbox 1453 527 1534 612; x_wconf 83' lang='grc' dir='ltr'>ἐμῶν</span> 
     </span>
     <span class='ocr_line' id='line_1_3' title="bbox 378 629 1535 724; baseline -0.001 -22"><span class='ocrx_word' id='word_1_14' title='bbox 378 659 393 702; x_wconf 78' lang='lat' dir='ltr'>a</span> <span class='ocrx_word' id='word_1_15' title='bbox 425 637 515 724; x_wconf 61' lang='lat' dir='ltr'>[opto</span> <span class='ocrx_word' id='word_1_16' title='bbox 540 638 732 724; x_wconf 64' lang='lat' dir='ltr'>d[rrrppioippu]</span> <span class='ocrx_word' id='word_1_17' title='bbox 761 644 767 710; x_wconf 98' lang='grc' dir='ltr'>Ι</span> <span class='ocrx_word' id='word_1_18' title='bbox 797 639 848 702; x_wconf 83' lang='grc' dir='ltr'>καὶ</span> <span class='ocrx_word' id='word_1_19' title='bbox 870 639 899 702; x_wconf 81' lang='grc' dir='ltr'>εἰ</span> <span class='ocrx_word' id='word_1_20' title='bbox 921 639 962 723; x_wconf 80' lang='grc' dir='ltr'>μὴ</span> <span class='ocrx_word' id='word_1_21' title='bbox 987 639 1076 710; x_wconf 78' lang='grc' dir='ltr'>αὐτὸς</span> <span class='ocrx_word' id='word_1_22' title='bbox 1099 629 1370 724; x_wconf 73' lang='grc' dir='ltr'>τετελειώκ[ο]ι[6ι,</span> <span class='ocrx_word' id='word_1_23' title='bbox 1398 637 1535 723; x_wconf 85' lang='grc' dir='ltr'>τ]ελε[ιω-</span> 
     </span>
     <span class='ocr_line' id='line_1_4' title="bbox 378 749 1196 835; baseline 0.002 -23"><span class='ocrx_word' id='word_1_24' title='bbox 378 769 392 812; x_wconf 83' lang='grc'>6</span> <span class='ocrx_word' id='word_1_25' title='bbox 425 751 514 833; x_wconf 78' lang='grc' dir='ltr'>θῆναι</span> <span class='ocrx_word' id='word_1_26' title='bbox 537 749 603 834; x_wconf 77' lang='grc' dir='ltr'>ὑπὸ]</span> <span class='ocrx_word' id='word_1_27' title='bbox 625 756 632 823; x_wconf 95' lang='grc' dir='ltr'>Ι</span> <span class='ocrx_word' id='word_1_28' title='bbox 654 754 713 812; x_wconf 87' lang='grc' dir='ltr'>τῶν</span> <span class='ocrx_word' id='word_1_29' title='bbox 737 749 818 834; x_wconf 82' lang='grc' dir='ltr'>ἐμῶν</span> <span class='ocrx_word' id='word_1_30' title='bbox 840 749 1034 835; x_wconf 76' lang='grc' dir='ltr'>κληρονόμων</span> <span class='ocrx_word' id='word_1_31' title='bbox 1058 751 1196 820; x_wconf 75' lang='grc' dir='ltr'><strong>ἐπέταξα.</strong></span> 
     </span>
     <span class='ocr_line' id='line_1_5' title="bbox 176 859 1535 946; baseline 0 -22"><span class='ocrx_word' id='word_1_32' title='bbox 176 859 432 937; x_wconf 84' lang='lat' dir='ltr'>Forumlulium,</span> <span class='ocrx_word' id='word_1_33' title='bbox 450 859 489 923; x_wconf 90' lang='lat' dir='ltr'>de</span> <span class='ocrx_word' id='word_1_34' title='bbox 505 879 566 942; x_wconf 91' lang='lat' dir='ltr'>quo</span> <span class='ocrx_word' id='word_1_35' title='bbox 583 866 795 945; x_wconf 87' lang='lat' dir='ltr'>exposuerunt</span> <span class='ocrx_word' id='word_1_36' title='bbox 805 860 1009 926; x_wconf 89' lang='lat' dir='ltr'>Drumennus</span> <span class='ocrx_word' id='word_1_37' title='bbox 1022 862 1053 938; x_wconf 86' lang='lat'>3,</span> <span class='ocrx_word' id='word_1_38' title='bbox 1067 863 1129 926; x_wconf 82' lang='lat'>616</span> <span class='ocrx_word' id='word_1_39' title='bbox 1147 866 1179 925; x_wconf 88' lang='grc'>61</span> <span class='ocrx_word' id='word_1_40' title='bbox 1189 859 1347 924; x_wconf 88' lang='lat' dir='ltr'>Beckerus</span> <span class='ocrx_word' id='word_1_41' title='bbox 1363 861 1466 946; x_wconf 84' lang='grc'>6362</span> <span class='ocrx_word' id='word_1_42' title='bbox 1475 881 1535 945; x_wconf 73' lang='lat' dir='ltr'>sq,</span> 
     </span>
     <span class='ocr_line' id='line_1_6' title="bbox 177 962 1537 1028; baseline -0.001 -1"><span class='ocrx_word' id='word_1_43' title='bbox 177 985 253 1028; x_wconf 90' lang='lat' dir='ltr'>cum</span> <span class='ocrx_word' id='word_1_44' title='bbox 277 963 354 1027; x_wconf 86' lang='lat' dir='ltr'>aede</span> <span class='ocrx_word' id='word_1_45' title='bbox 368 964 501 1027; x_wconf 90' lang='lat' dir='ltr'>Veneris</span> <span class='ocrx_word' id='word_1_46' title='bbox 518 963 692 1028; x_wconf 81' lang='lat' dir='ltr'>Genetricis</span> <span class='ocrx_word' id='word_1_47' title='bbox 716 963 784 1027; x_wconf 82' lang='lat' dir='ltr'>sive</span> <span class='ocrx_word' id='word_1_48' title='bbox 799 963 940 1027; x_wconf 84' lang='lat' dir='ltr'>victricis</span> <span class='ocrx_word' id='word_1_49' title='bbox 963 963 1030 1028; x_wconf 87' lang='lat' dir='ltr'>sive</span> <span class='ocrx_word' id='word_1_50' title='bbox 1045 963 1203 1028; x_wconf 79' lang='lat' dir='ltr'><strong>Victoriae</strong></span> <span class='ocrx_word' id='word_1_51' title='bbox 1219 963 1361 1028; x_wconf 81' lang='lat' dir='ltr'>Caesaris</span> <span class='ocrx_word' id='word_1_52' title='bbox 1378 962 1537 1027; x_wconf 82' lang='lat' dir='ltr'>dedicerit</span> 
     </span>
     <span class='ocr_line' id='line_1_7' title="bbox 178 1065 1536 1150; baseline -0.001 -20"><span class='ocrx_word' id='word_1_53' title='bbox 178 1066 297 1130; x_wconf 84' lang='lat' dir='ltr'>Caesar</span> <span class='ocrx_word' id='word_1_54' title='bbox 313 1071 404 1150; x_wconf 89' lang='lat' dir='ltr'>pater</span> <span class='ocrx_word' id='word_1_55' title='bbox 419 1087 446 1128; x_wconf 91' lang='lat' dir='ltr'>a.</span> <span class='ocrx_word' id='word_1_56' title='bbox 462 1066 526 1129; x_wconf 92' lang='grc'>708</span> <span class='ocrx_word' id='word_1_57' title='bbox 543 1065 629 1150; x_wconf 84' lang='lat' dir='ltr'>Sept.</span> <span class='ocrx_word' id='word_1_58' title='bbox 643 1067 686 1129; x_wconf 87' lang='lat'>24</span> <span class='ocrx_word' id='word_1_59' title='bbox 702 1070 758 1130; x_wconf 88' lang='lat' dir='ltr'>aut</span> <span class='ocrx_word' id='word_1_60' title='bbox 773 1065 814 1128; x_wconf 88' lang='lat'>25</span> <span class='ocrx_word' id='word_1_61' title='bbox 838 1065 982 1149; x_wconf 76' lang='grc'>(111643,</span> <span class='ocrx_word' id='word_1_62' title='bbox 1000 1066 1057 1146; x_wconf 82' lang='lat'>223</span> <span class='ocrx_word' id='word_1_63' title='bbox 1082 1065 1218 1150; x_wconf 89' lang='lat' dir='ltr'>Appian.</span> <span class='ocrx_word' id='word_1_64' title='bbox 1232 1067 1298 1130; x_wconf 88' lang='lat' dir='ltr'>b.c.</span> <span class='ocrx_word' id='word_1_65' title='bbox 1308 1067 1402 1146; x_wconf 86' lang='lat'>3,28;</span> <span class='ocrx_word' id='word_1_66' title='bbox 1428 1066 1536 1132; x_wconf 71' lang='lat' dir='ltr'>ain.</span> 
     </span>
     <span class='ocr_line' id='line_1_8' title="bbox 175 1167 1537 1254; baseline 0 -22"><span class='ocrx_word' id='word_1_67' title='bbox 175 1170 200 1245; x_wconf 93' lang='lat' dir='ltr'>l,</span> <span class='ocrx_word' id='word_1_68' title='bbox 225 1189 259 1253; x_wconf 87' lang='lat' dir='ltr'>p.</span> <span class='ocrx_word' id='word_1_69' title='bbox 272 1171 336 1233; x_wconf 87' lang='lat'>402</span> <span class='ocrx_word' id='word_1_70' title='bbox 360 1168 432 1232; x_wconf 92' lang='lat' dir='ltr'>coll.</span> <span class='ocrx_word' id='word_1_71' title='bbox 455 1190 487 1253; x_wconf 86' lang='lat' dir='ltr'>p.</span> <span class='ocrx_word' id='word_1_72' title='bbox 500 1169 591 1252; x_wconf 82' lang='grc'>397).</span> <span class='ocrx_word' id='word_1_73' title='bbox 642 1167 708 1232; x_wconf 90' lang='lat' dir='ltr'>Nec</span> <span class='ocrx_word' id='word_1_74' title='bbox 729 1174 837 1232; x_wconf 68' lang='lat' dir='ltr'>tamam</span> <span class='ocrx_word' id='word_1_75' title='bbox 859 1175 962 1232; x_wconf 89' lang='lat' dir='ltr'>tetum</span> <span class='ocrx_word' id='word_1_76' title='bbox 982 1169 1159 1254; x_wconf 88' lang='lat' dir='ltr'>perfectum</span> <span class='ocrx_word' id='word_1_77' title='bbox 1188 1169 1287 1234; x_wconf 88' lang='lat' dir='ltr'>fuisse</span> <span class='ocrx_word' id='word_1_78' title='bbox 1317 1190 1390 1234; x_wconf 92' lang='lat' dir='ltr'>cum</span> <span class='ocrx_word' id='word_1_79' title='bbox 1413 1168 1537 1234; x_wconf 76' lang='lat' dir='ltr'>dedica</span> 
     </span>
     <span class='ocr_line' id='line_1_9' title="bbox 176 1271 1537 1356; baseline 0 -21"><span class='ocrx_word' id='word_1_80' title='bbox 176 1279 267 1336; x_wconf 87' lang='lat' dir='ltr'>retur</span> <span class='ocrx_word' id='word_1_81' title='bbox 288 1278 414 1356; x_wconf 83' lang='lat' dir='ltr'>praeter</span> <span class='ocrx_word' id='word_1_82' title='bbox 434 1272 542 1356; x_wconf 90' lang='lat' dir='ltr'>ipsum</span> <span class='ocrx_word' id='word_1_83' title='bbox 563 1272 743 1354; x_wconf 81' lang='lat' dir='ltr'>Augustum</span> <span class='ocrx_word' id='word_1_84' title='bbox 766 1271 825 1335; x_wconf 90' lang='lat' dir='ltr'>hoc</span> <span class='ocrx_word' id='word_1_85' title='bbox 847 1271 916 1335; x_wconf 92' lang='lat' dir='ltr'>loco</span> <span class='ocrx_word' id='word_1_86' title='bbox 938 1278 1036 1336; x_wconf 87' lang='lat' dir='ltr'>testes</span> <span class='ocrx_word' id='word_1_87' title='bbox 1060 1278 1135 1335; x_wconf 92' lang='lat' dir='ltr'>sunt</span> <span class='ocrx_word' id='word_1_88' title='bbox 1157 1271 1305 1337; x_wconf 88' lang='lat' dir='ltr'>Nicolaus</span> <span class='ocrx_word' id='word_1_89' title='bbox 1321 1271 1537 1338; x_wconf 88' lang='lat' dir='ltr'>Damascenus</span> 
     </span>
     <span class='ocr_line' id='line_1_10' title="bbox 177 1373 1537 1458; baseline -0.001 -20"><span class='ocrx_word' id='word_1_90' title='bbox 177 1375 219 1457; x_wconf 91' lang='lat' dir='ltr'>(c.</span> <span class='ocrx_word' id='word_1_91' title='bbox 234 1374 312 1458; x_wconf 89' lang='lat'>22),</span> <span class='ocrx_word' id='word_1_92' title='bbox 341 1374 397 1457; x_wconf 91' lang='lat' dir='ltr'>qui</span> <span class='ocrx_word' id='word_1_93' title='bbox 418 1373 529 1458; x_wconf 89' lang='lat' dir='ltr'>paucis</span> <span class='ocrx_word' id='word_1_94' title='bbox 553 1373 665 1438; x_wconf 90' lang='lat' dir='ltr'>diebus</span> <span class='ocrx_word' id='word_1_95' title='bbox 689 1381 761 1437; x_wconf 87' lang='lat' dir='ltr'>ante</span> <span class='ocrx_word' id='word_1_96' title='bbox 782 1381 917 1438; x_wconf 84' lang='lat' dir='ltr'>mortem</span> <span class='ocrx_word' id='word_1_97' title='bbox 945 1373 1096 1438; x_wconf 80' lang='lat' dir='ltr'>describit</span> <span class='ocrx_word' id='word_1_98' title='bbox 1119 1375 1284 1440; x_wconf 83' lang='lat' dir='ltr'>Caesarem</span> <span class='ocrx_word' id='word_1_99' title='bbox 1313 1374 1476 1439; x_wconf 86' lang='lat' dir='ltr'>sedentem</span> <span class='ocrx_word' id='word_1_100' title='bbox 1503 1374 1537 1437; x_wconf 93' lang='lat' dir='ltr'>in</span> 
     </span>
     <span class='ocr_line' id='line_1_11' title="bbox 176 1476 1536 1561; baseline 0 -21"><span class='ocrx_word' id='word_1_101' title='bbox 176 1478 247 1541; x_wconf 89' lang='lat' dir='ltr'>foro</span> <span class='ocrx_word' id='word_1_102' title='bbox 270 1497 328 1542; x_wconf 91' lang='grc'>666</span> <span class='ocrx_word' id='word_1_103' title='bbox 352 1484 384 1540; x_wconf 88' lang='grc'>61</span> <span class='ocrx_word' id='word_1_104' title='bbox 403 1477 657 1561; x_wconf 85' lang='lat' dir='ltr'>redemptoribus</span> <span class='ocrx_word' id='word_1_105' title='bbox 680 1496 775 1561; x_wconf 86' lang='lat' dir='ltr'>opera</span> <span class='ocrx_word' id='word_1_106' title='bbox 795 1476 843 1542; x_wconf 91' lang='lat' dir='ltr'>ibi</span> <span class='ocrx_word' id='word_1_107' title='bbox 858 1476 1004 1542; x_wconf 87' lang='lat' dir='ltr'>facienda</span> <span class='ocrx_word' id='word_1_108' title='bbox 1019 1477 1203 1555; x_wconf 90' lang='lat' dir='ltr'>elocantem,</span> <span class='ocrx_word' id='word_1_109' title='bbox 1227 1483 1259 1542; x_wconf 87' lang='lat' dir='ltr'>et</span> <span class='ocrx_word' id='word_1_110' title='bbox 1273 1477 1397 1543; x_wconf 89' lang='lat' dir='ltr'>Plinius</span> <span class='ocrx_word' id='word_1_111' title='bbox 1413 1478 1466 1554; x_wconf 91' lang='grc'>35,</span> <span class='ocrx_word' id='word_1_112' title='bbox 1486 1478 1536 1552; x_wconf 91' lang='grc'>12,</span> 
     </span>
     <span class='ocr_line' id='line_1_12' title="bbox 178 1580 1538 1663; baseline 0 -19"><span class='ocrx_word' id='word_1_113' title='bbox 178 1582 260 1645; x_wconf 85' lang='lat'><strong>156:</strong></span> <span class='ocrx_word' id='word_1_114' title='bbox 292 1582 333 1646; x_wconf 82' lang='grc' dir='ltr'>Μ.</span> <span class='ocrx_word' id='word_1_115' title='bbox 346 1581 448 1646; x_wconf 85' lang='lat' dir='ltr'>Verre</span> <span class='ocrx_word' id='word_1_116' title='bbox 473 1584 574 1644; x_wconf 77' lang='lat' dir='ltr'>tradit</span> <span class='ocrx_word' id='word_1_117' title='bbox 597 1583 637 1644; x_wconf 86' lang='lat' dir='ltr'>ab</span> <span class='ocrx_word' id='word_1_118' title='bbox 667 1584 726 1646; x_wconf 81' lang='lat' dir='ltr'>boc</span> <span class='ocrx_word' id='word_1_119' title='bbox 749 1580 963 1663; x_wconf 74' lang='lat' dir='ltr'>(Archesilac)</span> <span class='ocrx_word' id='word_1_120' title='bbox 985 1583 1106 1662; x_wconf 75' lang='lat' dir='ltr'>factam</span> <span class='ocrx_word' id='word_1_121' title='bbox 1124 1581 1268 1644; x_wconf 83' lang='lat' dir='ltr'>Venerem</span> <span class='ocrx_word' id='word_1_122' title='bbox 1295 1584 1481 1662; x_wconf 81' lang='lat' dir='ltr'>peoelrieem</span> <span class='ocrx_word' id='word_1_123' title='bbox 1505 1583 1538 1644; x_wconf 82' lang='lat' dir='ltr'>iu</span> 
     </span>
     <span class='ocr_line' id='line_1_13' title="bbox 176 1684 1536 1767; baseline -0.002 -17"><span class='ocrx_word' id='word_1_124' title='bbox 176 1688 256 1766; x_wconf 76' lang='lat' dir='ltr'>soro</span> <span class='ocrx_word' id='word_1_125' title='bbox 275 1685 429 1749; x_wconf 80' lang='lat' dir='ltr'>Caesarie</span> <span class='ocrx_word' id='word_1_126' title='bbox 451 1694 482 1748; x_wconf 83' lang='lat' dir='ltr'>et</span> <span class='ocrx_word' id='word_1_127' title='bbox 493 1687 682 1767; x_wconf 78' lang='lat' dir='ltr'>priusquam</span> <span class='ocrx_word' id='word_1_128' title='bbox 696 1685 916 1749; x_wconf 76' lang='lat' dir='ltr'>absolveretur</span> <span class='ocrx_word' id='word_1_129' title='bbox 929 1687 1138 1765; x_wconf 70' lang='lat' dir='ltr'>festinatione</span> <span class='ocrx_word' id='word_1_130' title='bbox 1153 1684 1322 1749; x_wconf 86' lang='lat' dir='ltr'>dedicandi</span> <span class='ocrx_word' id='word_1_131' title='bbox 1334 1689 1485 1766; x_wconf 81' lang='lat' dir='ltr'>positam.</span> <span class='ocrx_word' id='word_1_132' title='bbox 1497 1721 1536 1734; x_wconf 92' lang='lat'>--</span> 
     </span>
     <span class='ocr_line' id='line_1_14' title="bbox 176 1786 1536 1872; baseline -0.003 -20"><span class='ocrx_word' id='word_1_133' title='bbox 176 1789 328 1853; x_wconf 80' lang='lat' dir='ltr'>Ceterum</span> <span class='ocrx_word' id='word_1_134' title='bbox 349 1786 537 1872; x_wconf 84' lang='lat' dir='ltr'>profligandi</span> <span class='ocrx_word' id='word_1_135' title='bbox 551 1787 742 1852; x_wconf 87' lang='lat' dir='ltr'>uocabulum</span> <span class='ocrx_word' id='word_1_136' title='bbox 758 1787 818 1850; x_wconf 91' lang='lat' dir='ltr'>hac</span> <span class='ocrx_word' id='word_1_137' title='bbox 833 1786 1063 1870; x_wconf 84' lang='lat' dir='ltr'>significatione</span> <span class='ocrx_word' id='word_1_138' title='bbox 1079 1787 1283 1872; x_wconf 74' lang='lat' dir='ltr'>reprehendit</span> <span class='ocrx_word' id='word_1_139' title='bbox 1298 1787 1419 1852; x_wconf 79' lang='lat' dir='ltr'>Gellius</span> <span class='ocrx_word' id='word_1_140' title='bbox 1434 1790 1484 1865; x_wconf 83' lang='lat'>15,</span> <span class='ocrx_word' id='word_1_141' title='bbox 1501 1789 1536 1853; x_wconf 83' lang='lat'>5:</span> 
     </span>
     <span class='ocr_line' id='line_1_15' title="bbox 177 1890 1540 1972; baseline -0.001 -16"><span class='ocrx_word' id='word_1_142' title='bbox 177 1913 249 1956; x_wconf 83' lang='lat' dir='ltr'>cum</span> <span class='ocrx_word' id='word_1_143' title='bbox 271 1893 313 1955; x_wconf 87' lang='lat' dir='ltr'>ab</span> <span class='ocrx_word' id='word_1_144' title='bbox 336 1890 513 1971; x_wconf 73' lang='lat' dir='ltr'>adflipendo</span> <span class='ocrx_word' id='word_1_145' title='bbox 536 1899 568 1952; x_wconf 81' lang='lat' dir='ltr'>et</span> <span class='ocrx_word' id='word_1_146' title='bbox 590 1893 634 1954; x_wconf 89' lang='lat' dir='ltr'>ad</span> <span class='ocrx_word' id='word_1_147' title='bbox 652 1892 825 1972; x_wconf 82' lang='lat' dir='ltr'>perniciem</span> <span class='ocrx_word' id='word_1_148' title='bbox 847 1893 1067 1972; x_wconf 80' lang='lat' dir='ltr'>interitumque</span> <span class='ocrx_word' id='word_1_149' title='bbox 1090 1893 1269 1955; x_wconf 81' lang='lat' dir='ltr'>deducendo</span> <span class='ocrx_word' id='word_1_150' title='bbox 1295 1895 1479 1955; x_wconf 81' lang='lat' dir='ltr'>inclinatam</span> <span class='ocrx_word' id='word_1_151' title='bbox 1504 1894 1540 1955; x_wconf 88' lang='lat' dir='ltr'>id</span> 
     </span>
     <span class='ocr_line' id='line_1_16' title="bbox 178 1995 1539 2076; baseline 0 -18"><span class='ocrx_word' id='word_1_152' title='bbox 178 2005 376 2076; x_wconf 77' lang='lat' dir='ltr'>tractemque</span> <span class='ocrx_word' id='word_1_153' title='bbox 395 1997 441 2057; x_wconf 80' lang='lat' dir='ltr'>sit</span> <span class='ocrx_word' id='word_1_154' title='bbox 462 2013 643 2075; x_wconf 77' lang='lat' dir='ltr'>semperque</span> <span class='ocrx_word' id='word_1_155' title='bbox 663 2015 700 2057; x_wconf 91' lang='lat' dir='ltr'>eo</span> <span class='ocrx_word' id='word_1_156' title='bbox 722 1995 832 2069; x_wconf 72' lang='grc'>66656,</span> <span class='ocrx_word' id='word_1_157' title='bbox 855 1996 908 2074; x_wconf 82' lang='grc'>661</span> <span class='ocrx_word' id='word_1_158' title='bbox 930 1996 1312 2075; x_wconf 74' lang='grc'>61116661661666116661,</span> <span class='ocrx_word' id='word_1_159' title='bbox 1333 1998 1539 2076; x_wconf 78' lang='grc'>1166616161,</span> 
     </span>
     <span class='ocr_line' id='line_1_17' title="bbox 177 2097 1539 2181; baseline 0.001 -20"><span class='ocrx_word' id='word_1_160' title='bbox 177 2108 212 2163; x_wconf 83' lang='grc'>61</span> <span class='ocrx_word' id='word_1_161' title='bbox 230 2097 409 2180; x_wconf 71' lang='lat' dir='ltr'>proflipare</span> <span class='ocrx_word' id='word_1_162' title='bbox 430 2099 569 2160; x_wconf 81' lang='lat' dir='ltr'>dicerent</span> <span class='ocrx_word' id='word_1_163' title='bbox 584 2099 756 2179; x_wconf 85' lang='lat' dir='ltr'>prodipere</span> <span class='ocrx_word' id='word_1_164' title='bbox 772 2107 803 2160; x_wconf 82' lang='lat' dir='ltr'>et</span> <span class='ocrx_word' id='word_1_165' title='bbox 817 2098 1000 2178; x_wconf 81' lang='lat' dir='ltr'>deperdere,</span> <span class='ocrx_word' id='word_1_166' title='bbox 1020 2097 1274 2179; x_wconf 71' lang='lat' dir='ltr'>pretiipatasqae</span> <span class='ocrx_word' id='word_1_167' title='bbox 1289 2118 1341 2160; x_wconf 77' lang='lat' dir='ltr'>res</span> <span class='ocrx_word' id='word_1_168' title='bbox 1358 2103 1539 2181; x_wconf 69' lang='grc'>66661666-</span> 
     </span>
     <span class='ocr_line' id='line_1_18' title="bbox 176 2201 1541 2284; baseline 0.001 -19"><span class='ocrx_word' id='word_1_169' title='bbox 176 2202 286 2283; x_wconf 71' lang='grc'>1116166</span> <span class='ocrx_word' id='word_1_170' title='bbox 310 2209 340 2264; x_wconf 83' lang='grc'>61</span> <span class='ocrx_word' id='word_1_171' title='bbox 359 2202 521 2282; x_wconf 82' lang='lat' dir='ltr'>perditas,</span> <span class='ocrx_word' id='word_1_172' title='bbox 542 2221 625 2264; x_wconf 79' lang='lat' dir='ltr'>aare</span> <span class='ocrx_word' id='word_1_173' title='bbox 647 2202 744 2265; x_wconf 81' lang='lat' dir='ltr'>audio</span> <span class='ocrx_word' id='word_1_174' title='bbox 768 2201 915 2282; x_wconf 70' lang='lat' dir='ltr'>aedificia</span> <span class='ocrx_word' id='word_1_175' title='bbox 938 2209 969 2262; x_wconf 82' lang='lat' dir='ltr'>et</span> <span class='ocrx_word' id='word_1_176' title='bbox 992 2202 1108 2280; x_wconf 82' lang='lat' dir='ltr'>templa</span> <span class='ocrx_word' id='word_1_177' title='bbox 1129 2209 1159 2263; x_wconf 82' lang='lat' dir='ltr'>et</span> <span class='ocrx_word' id='word_1_178' title='bbox 1180 2202 1247 2263; x_wconf 83' lang='lat' dir='ltr'>alia</span> <span class='ocrx_word' id='word_1_179' title='bbox 1261 2203 1330 2281; x_wconf 81' lang='lat' dir='ltr'>fere</span> <span class='ocrx_word' id='word_1_180' title='bbox 1345 2204 1444 2265; x_wconf 84' lang='lat' dir='ltr'>malta</span> <span class='ocrx_word' id='word_1_181' title='bbox 1459 2222 1541 2284; x_wconf 85' lang='lat' dir='ltr'>qaae</span> 
     </span>
     <span class='ocr_line' id='line_1_19' title="bbox 174 2302 1540 2387; baseline 0.001 -19"><span class='ocrx_word' id='word_1_182' title='bbox 174 2326 280 2387; x_wconf 89' lang='lat' dir='ltr'>prope</span> <span class='ocrx_word' id='word_1_183' title='bbox 299 2305 448 2368; x_wconf 77' lang='lat' dir='ltr'>absolata</span> <span class='ocrx_word' id='word_1_184' title='bbox 460 2306 648 2385; x_wconf 72' lang='lat' dir='ltr'>adfectoque</span> <span class='ocrx_word' id='word_1_185' title='bbox 663 2311 748 2384; x_wconf 81' lang='grc'>6661,</span> <span class='ocrx_word' id='word_1_186' title='bbox 764 2305 798 2366; x_wconf 83' lang='lat' dir='ltr'>ic</span> <span class='ocrx_word' id='word_1_187' title='bbox 811 2302 984 2385; x_wconf 74' lang='lat' dir='ltr'>proflipatc</span> <span class='ocrx_word' id='word_1_188' title='bbox 1000 2323 1070 2367; x_wconf 84' lang='lat' dir='ltr'>erre</span> <span class='ocrx_word' id='word_1_189' title='bbox 1083 2304 1147 2366; x_wconf 90' lang='lat' dir='ltr'>dici</span> <span class='ocrx_word' id='word_1_190' title='bbox 1162 2305 1296 2385; x_wconf 82' lang='lat' dir='ltr'>ipsaque</span> <span class='ocrx_word' id='word_1_191' title='bbox 1308 2324 1378 2368; x_wconf 80' lang='lat' dir='ltr'>esse</span> <span class='ocrx_word' id='word_1_192' title='bbox 1388 2307 1452 2366; x_wconf 87' lang='lat' dir='ltr'>iam</span> <span class='ocrx_word' id='word_1_193' title='bbox 1463 2326 1540 2386; x_wconf 91' lang='lat' dir='ltr'>pro-</span> 
     </span>
     <span class='ocr_line' id='line_1_20' title="bbox 176 2406 1541 2490; baseline 0.002 -20"><span class='ocrx_word' id='word_1_194' title='bbox 176 2408 293 2490; x_wconf 69' lang='grc'>1116616</span> <span class='ocrx_word' id='word_1_195' title='bbox 421 2406 512 2482; x_wconf 84' lang='lat' dir='ltr'>Quod</span> <span class='ocrx_word' id='word_1_196' title='bbox 533 2410 718 2488; x_wconf 74' lang='lat' dir='ltr'>sipaificare</span> <span class='ocrx_word' id='word_1_197' title='bbox 740 2410 849 2471; x_wconf 78' lang='lat' dir='ltr'>soleat</span> <span class='ocrx_word' id='word_1_198' title='bbox 872 2410 926 2488; x_wconf 82' lang='lat' dir='ltr'>qui</span> <span class='ocrx_word' id='word_1_199' title='bbox 945 2407 1150 2488; x_wconf 68' lang='lat' dir='ltr'>propiipatam</span> <span class='ocrx_word' id='word_1_200' title='bbox 1172 2410 1289 2488; x_wconf 83' lang='lat' dir='ltr'>diceet,</span> <span class='ocrx_word' id='word_1_201' title='bbox 1312 2411 1345 2471; x_wconf 88' lang='lat' dir='ltr'>bi</span> <span class='ocrx_word' id='word_1_202' title='bbox 1360 2411 1413 2490; x_wconf 85' lang='lat' dir='ltr'>qai</span> <span class='ocrx_word' id='word_1_203' title='bbox 1428 2410 1541 2473; x_wconf 80' lang='lat' dir='ltr'>Latiae</span> 
     </span>
     <span class='ocr_line' id='line_1_21' title="bbox 177 2510 1541 2595; baseline 0 -19"><span class='ocrx_word' id='word_1_204' title='bbox 177 2514 279 2576; x_wconf 81' lang='lat' dir='ltr'>locati</span> <span class='ocrx_word' id='word_1_205' title='bbox 294 2520 378 2591; x_wconf 78' lang='lat' dir='ltr'>sent,</span> <span class='ocrx_word' id='word_1_206' title='bbox 400 2531 462 2573; x_wconf 83' lang='lat' dir='ltr'>reon</span> <span class='ocrx_word' id='word_1_207' title='bbox 477 2510 691 2592; x_wconf 73' lang='lat' dir='ltr'>proflipatam‚</span> <span class='ocrx_word' id='word_1_208' title='bbox 709 2514 767 2574; x_wconf 82' lang='lat' dir='ltr'>red</span> <span class='ocrx_word' id='word_1_209' title='bbox 782 2512 939 2591; x_wconf 80' lang='lat' dir='ltr'>adfectum</span> <span class='ocrx_word' id='word_1_210' title='bbox 954 2513 1112 2574; x_wconf 76' lang='lat' dir='ltr'>dicerunt.</span> <span class='ocrx_word' id='word_1_211' title='bbox 1146 2511 1258 2594; x_wconf 90' lang='lat' dir='ltr'>Itaque</span> <span class='ocrx_word' id='word_1_212' title='bbox 1273 2510 1419 2575; x_wconf 85' lang='lat' dir='ltr'>videmus</span> <span class='ocrx_word' id='word_1_213' title='bbox 1434 2512 1541 2595; x_wconf 80' lang='lat' dir='ltr'>Augu-</span> 
     </span>
     <span class='ocr_line' id='line_1_22' title="bbox 177 2612 1540 2700; baseline 0 -20"><span class='ocrx_word' id='word_1_214' title='bbox 177 2622 269 2680; x_wconf 89' lang='lat' dir='ltr'>stum</span> <span class='ocrx_word' id='word_1_215' title='bbox 283 2612 344 2679; x_wconf 90' lang='lat' dir='ltr'>hoc</span> <span class='ocrx_word' id='word_1_216' title='bbox 358 2613 426 2676; x_wconf 93' lang='lat' dir='ltr'>loco</span> <span class='ocrx_word' id='word_1_217' title='bbox 442 2613 595 2678; x_wconf 90' lang='lat' dir='ltr'>vocabulo</span> <span class='ocrx_word' id='word_1_218' title='bbox 612 2635 707 2678; x_wconf 92' lang='lat' dir='ltr'>usum</span> <span class='ocrx_word' id='word_1_219' title='bbox 722 2634 791 2677; x_wconf 90' lang='lat' dir='ltr'>esse</span> <span class='ocrx_word' id='word_1_220' title='bbox 804 2612 1032 2696; x_wconf 83' lang='lat' dir='ltr'>significatione</span> <span class='ocrx_word' id='word_1_221' title='bbox 1042 2613 1167 2696; x_wconf 79' lang='lat' dir='ltr'>vulgari</span> <span class='ocrx_word' id='word_1_222' title='bbox 1178 2612 1279 2696; x_wconf 84' lang='lat' dir='ltr'>magis</span> <span class='ocrx_word' id='word_1_223' title='bbox 1293 2634 1389 2698; x_wconf 90' lang='lat' dir='ltr'>quam</span> <span class='ocrx_word' id='word_1_224' title='bbox 1398 2615 1540 2700; x_wconf 89' lang='lat' dir='ltr'>probata,</span> 
     </span>
     <span class='ocr_line' id='line_1_23' title="bbox 177 2714 1542 2802; baseline 0 -20"><span class='ocrx_word' id='word_1_225' title='bbox 177 2737 377 2802; x_wconf 89' lang='lat' dir='ltr'>quamquam</span> <span class='ocrx_word' id='word_1_226' title='bbox 399 2716 458 2780; x_wconf 89' lang='lat' dir='ltr'>viri</span> <span class='ocrx_word' id='word_1_227' title='bbox 484 2717 568 2781; x_wconf 90' lang='lat' dir='ltr'>docti</span> <span class='ocrx_word' id='word_1_228' title='bbox 591 2715 713 2780; x_wconf 92' lang='lat' dir='ltr'>dudum</span> <span class='ocrx_word' id='word_1_229' title='bbox 735 2721 952 2780; x_wconf 87' lang='lat' dir='ltr'>monstrarunt</span> <span class='ocrx_word' id='word_1_230' title='bbox 975 2714 1086 2780; x_wconf 88' lang='lat' dir='ltr'>eadem</span> <span class='ocrx_word' id='word_1_231' title='bbox 1109 2715 1338 2798; x_wconf 84' lang='lat' dir='ltr'>significatione</span> <span class='ocrx_word' id='word_1_232' title='bbox 1353 2718 1542 2801; x_wconf 80' lang='lat' dir='ltr'>profligandi</span> 
     </span>
     <span class='ocr_line' id='line_1_24' title="bbox 175 2815 1540 2904; baseline 0.001 -18"><span class='ocrx_word' id='word_1_233' title='bbox 175 2820 374 2887; x_wconf 85' lang='lat' dir='ltr'>uocabulum</span> <span class='ocrx_word' id='word_1_234' title='bbox 395 2819 543 2904; x_wconf 89' lang='lat' dir='ltr'>usurpari</span> <span class='ocrx_word' id='word_1_235' title='bbox 566 2819 712 2902; x_wconf 88' lang='lat' dir='ltr'>quamvis</span> <span class='ocrx_word' id='word_1_236' title='bbox 735 2839 805 2882; x_wconf 89' lang='lat' dir='ltr'>raro</span> <span class='ocrx_word' id='word_1_237' title='bbox 828 2817 925 2883; x_wconf 91' lang='lat' dir='ltr'>etiam</span> <span class='ocrx_word' id='word_1_238' title='bbox 948 2818 1033 2902; x_wconf 93' lang='lat' dir='ltr'>apud</span> <span class='ocrx_word' id='word_1_239' title='bbox 1057 2819 1239 2882; x_wconf 88' lang='lat' dir='ltr'>Ciceronem</span> <span class='ocrx_word' id='word_1_240' title='bbox 1265 2819 1373 2900; x_wconf 87' lang='lat' dir='ltr'>(Tusa.</span> <span class='ocrx_word' id='word_1_241' title='bbox 1386 2822 1416 2900; x_wconf 90' lang='lat'>5,</span> <span class='ocrx_word' id='word_1_242' title='bbox 1434 2824 1463 2897; x_wconf 89' lang='grc'>6,</span> <span class='ocrx_word' id='word_1_243' title='bbox 1486 2815 1540 2904; x_wconf 86' lang='grc'>15)</span> 
     </span>
     <span class='ocr_line' id='line_1_25' title="bbox 177 2922 585 3000; baseline -0.012 -10"><span class='ocrx_word' id='word_1_244' title='bbox 177 2933 212 2990; x_wconf 86' lang='grc'>61</span> <span class='ocrx_word' id='word_1_245' title='bbox 235 2922 363 2988; x_wconf 86' lang='lat' dir='ltr'>Livium</span> <span class='ocrx_word' id='word_1_246' title='bbox 386 2922 501 3000; x_wconf 87' lang='grc'>(3,50,</span> <span class='ocrx_word' id='word_1_247' title='bbox 521 2923 585 2999; x_wconf 84' lang='grc'>10).</span> 
     </span>
    </p>

    <p class='ocr_par' dir='ltr' id='par_1_3' title="bbox 177 3025 1592 4870">
     <span class='ocr_line' id='line_1_26' title="bbox 291 3025 1542 3109; baseline 0.002 -20"><span class='ocrx_word' id='word_1_248' title='bbox 291 3025 465 3090; x_wconf 78' lang='lat' dir='ltr'>Basilicam</span> <span class='ocrx_word' id='word_1_249' title='bbox 479 3025 595 3090; x_wconf 91' lang='lat' dir='ltr'>Iuliam</span> <span class='ocrx_word' id='word_1_250' title='bbox 610 3025 753 3089; x_wconf 84' lang='lat' dir='ltr'>Caesaris</span> <span class='ocrx_word' id='word_1_251' title='bbox 777 3025 939 3090; x_wconf 86' lang='lat' dir='ltr'>dictatoris</span> <span class='ocrx_word' id='word_1_252' title='bbox 962 3030 1126 3109; x_wconf 88' lang='lat' dir='ltr'>praeterea</span> <span class='ocrx_word' id='word_1_253' title='bbox 1149 3033 1394 3090; x_wconf 86' lang='lat' dir='ltr'>commemorent</span> <span class='ocrx_word' id='word_1_254' title='bbox 1408 3028 1542 3092; x_wconf 88' lang='lat' dir='ltr'>fortasse</span> 
     </span>
     <span class='ocr_line' id='line_1_27' title="bbox 178 3128 1542 3216; baseline -0.001 -21"><span class='ocrx_word' id='word_1_255' title='bbox 178 3132 291 3196; x_wconf 80' lang='lat' dir='ltr'>Cicero</span> <span class='ocrx_word' id='word_1_256' title='bbox 313 3129 348 3194; x_wconf 94' lang='lat' dir='ltr'>in</span> <span class='ocrx_word' id='word_1_257' title='bbox 376 3128 515 3214; x_wconf 78' lang='lat' dir='ltr'>epistula</span> <span class='ocrx_word' id='word_1_258' title='bbox 542 3148 570 3192; x_wconf 87' lang='lat' dir='ltr'>a.</span> <span class='ocrx_word' id='word_1_259' title='bbox 585 3129 649 3193; x_wconf 95' lang='grc'>700</span> <span class='ocrx_word' id='word_1_260' title='bbox 679 3129 719 3192; x_wconf 88' lang='lat' dir='ltr'>ad</span> <span class='ocrx_word' id='word_1_261' title='bbox 746 3129 890 3194; x_wconf 79' lang='lat' dir='ltr'>Atticum</span> <span class='ocrx_word' id='word_1_262' title='bbox 919 3129 1037 3216; x_wconf 88' lang='lat' dir='ltr'>scripta</span> <span class='ocrx_word' id='word_1_263' title='bbox 1065 3131 1276 3209; x_wconf 84' lang='grc'>(4,16,14),</span> <span class='ocrx_word' id='word_1_264' title='bbox 1306 3128 1363 3193; x_wconf 89' lang='lat' dir='ltr'>sed</span> <span class='ocrx_word' id='word_1_265' title='bbox 1391 3129 1542 3215; x_wconf 87' lang='lat' dir='ltr'>interpre-</span> 
     </span>
     <span class='ocr_line' id='line_1_28' title="bbox 177 3231 1592 3321; baseline 0.001 -23"><span class='ocrx_word' id='word_1_266' title='bbox 177 3232 312 3299; x_wconf 83' lang='lat' dir='ltr'>tationis</span> <span class='ocrx_word' id='word_1_267' title='bbox 334 3231 505 3297; x_wconf 87' lang='lat' dir='ltr'>admodum</span> <span class='ocrx_word' id='word_1_268' title='bbox 529 3232 710 3314; x_wconf 86' lang='lat' dir='ltr'>ambiguae,</span> <span class='ocrx_word' id='word_1_269' title='bbox 741 3240 823 3297; x_wconf 90' lang='lat' dir='ltr'>eerte</span> <span class='ocrx_word' id='word_1_270' title='bbox 846 3233 1058 3317; x_wconf 85' lang='lat' dir='ltr'>Hieronymus</span> <span class='ocrx_word' id='word_1_271' title='bbox 1082 3232 1116 3296; x_wconf 90' lang='grc'>16</span> <span class='ocrx_word' id='word_1_272' title='bbox 1139 3231 1340 3297; x_wconf 86' lang='lat' dir='ltr'>adnotatione</span> <span class='ocrx_word' id='word_1_273' title='bbox 1363 3253 1402 3297; x_wconf 86' lang='lat' dir='ltr'>ex</span> <span class='ocrx_word' id='word_1_274' title='bbox 1425 3235 1543 3321; x_wconf 92' lang='lat' dir='ltr'>optimo</span> <span class='ocrx_word' id='word_1_275' title='bbox 1586 3299 1592 3312; x_wconf 50' lang='lat'>,</span> 
     </span>
     <span class='ocr_line' id='line_1_29' title="bbox 179 3335 1541 3421; baseline 0.001 -20"><span class='ocrx_word' id='word_1_276' title='bbox 179 3342 317 3403; x_wconf 86' lang='lat' dir='ltr'>auctore</span> <span class='ocrx_word' id='word_1_277' title='bbox 333 3336 434 3421; x_wconf 88' lang='lat' dir='ltr'>petita</span> <span class='ocrx_word' id='word_1_278' title='bbox 457 3336 501 3420; x_wconf 82' lang='lat' dir='ltr'>(v.</span> <span class='ocrx_word' id='word_1_279' title='bbox 526 3354 637 3401; x_wconf 89' lang='lat' dir='ltr'>comm.</span> <span class='ocrx_word' id='word_1_280' title='bbox 662 3356 769 3400; x_wconf 91' lang='lat' dir='ltr'>meum</span> <span class='ocrx_word' id='word_1_281' title='bbox 785 3336 823 3400; x_wconf 90' lang='lat' dir='ltr'>de</span> <span class='ocrx_word' id='word_1_282' title='bbox 838 3336 980 3401; x_wconf 86' lang='lat' dir='ltr'>fontibus</span> <span class='ocrx_word' id='word_1_283' title='bbox 996 3335 1182 3420; x_wconf 85' lang='lat' dir='ltr'>Hieronymi</span> <span class='ocrx_word' id='word_1_284' title='bbox 1204 3357 1235 3421; x_wconf 94' lang='grc'>6.</span> <span class='ocrx_word' id='word_1_285' title='bbox 1251 3337 1329 3416; x_wconf 88' lang='grc'>691)</span> <span class='ocrx_word' id='word_1_286' title='bbox 1354 3336 1395 3401; x_wconf 90' lang='lat' dir='ltr'>ad</span> <span class='ocrx_word' id='word_1_287' title='bbox 1419 3359 1446 3402; x_wconf 92' lang='grc'>6.</span> <span class='ocrx_word' id='word_1_288' title='bbox 1462 3340 1541 3403; x_wconf 66' lang='grc'>7086</span> 
     </span>
     <span class='ocr_line' id='line_1_30' title="bbox 179 3438 1542 3526; baseline 0 -20"><span class='ocrx_word' id='word_1_289' title='bbox 179 3445 301 3506; x_wconf 85' lang='lat' dir='ltr'>Romae</span> <span class='ocrx_word' id='word_1_290' title='bbox 314 3441 462 3505; x_wconf 82' lang='lat' dir='ltr'>-busilica</span> <span class='ocrx_word' id='word_1_291' title='bbox 477 3442 562 3504; x_wconf 81' lang='lat' dir='ltr'>Iulia</span> <span class='ocrx_word' id='word_1_292' title='bbox 584 3442 743 3523; x_wconf 61' lang='lat' dir='ltr'>dedicata,</span> <span class='ocrx_word' id='word_1_293' title='bbox 781 3439 936 3504; x_wconf 88' lang='lat' dir='ltr'>Dedicata</span> <span class='ocrx_word' id='word_1_294' title='bbox 960 3446 1009 3503; x_wconf 87' lang='lat' dir='ltr'>est</span> <span class='ocrx_word' id='word_1_295' title='bbox 1031 3438 1158 3504; x_wconf 91' lang='lat' dir='ltr'>omnino</span> <span class='ocrx_word' id='word_1_296' title='bbox 1181 3460 1246 3503; x_wconf 91' lang='grc'>666</span> <span class='ocrx_word' id='word_1_297' title='bbox 1269 3461 1340 3504; x_wconf 90' lang='lat' dir='ltr'>cum</span> <span class='ocrx_word' id='word_1_298' title='bbox 1363 3441 1429 3506; x_wconf 87' lang='lat' dir='ltr'>foro</span> <span class='ocrx_word' id='word_1_299' title='bbox 1450 3442 1542 3526; x_wconf 89' lang='lat' dir='ltr'>Iulio,</span> 
     </span>
     <span class='ocr_line' id='line_1_31' title="bbox 180 3541 1544 3628; baseline 0.001 -21"><span class='ocrx_word' id='word_1_300' title='bbox 180 3544 223 3608; x_wconf 91' lang='lat' dir='ltr'>de</span> <span class='ocrx_word' id='word_1_301' title='bbox 253 3563 315 3628; x_wconf 90' lang='lat' dir='ltr'>quo</span> <span class='ocrx_word' id='word_1_302' title='bbox 341 3542 495 3622; x_wconf 84' lang='lat' dir='ltr'>uidimus3</span> <span class='ocrx_word' id='word_1_303' title='bbox 526 3562 601 3606; x_wconf 82' lang='lat' dir='ltr'>mox</span> <span class='ocrx_word' id='word_1_304' title='bbox 629 3549 735 3607; x_wconf 86' lang='lat' dir='ltr'>autem</span> <span class='ocrx_word' id='word_1_305' title='bbox 762 3541 908 3606; x_wconf 90' lang='lat' dir='ltr'>incendio</span> <span class='ocrx_word' id='word_1_306' title='bbox 939 3541 1061 3606; x_wconf 91' lang='lat' dir='ltr'>interiit</span> <span class='ocrx_word' id='word_1_307' title='bbox 1088 3541 1331 3626; x_wconf 83' lang='lat' dir='ltr'>obscuravitqne</span> <span class='ocrx_word' id='word_1_308' title='bbox 1359 3545 1544 3608; x_wconf 91' lang='lat' dir='ltr'>memoriam</span> 
     </span>
     <span class='ocr_line' id='line_1_32' title="bbox 177 3644 1544 3732; baseline -0.001 -20"><span class='ocrx_word' id='word_1_309' title='bbox 177 3647 252 3712; x_wconf 89' lang='lat' dir='ltr'>eius</span> <span class='ocrx_word' id='word_1_310' title='bbox 281 3646 383 3713; x_wconf 89' lang='lat' dir='ltr'>altera</span> <span class='ocrx_word' id='word_1_311' title='bbox 409 3645 544 3710; x_wconf 88' lang='lat' dir='ltr'>basilica</span> <span class='ocrx_word' id='word_1_312' title='bbox 564 3645 649 3710; x_wconf 91' lang='lat' dir='ltr'>Iulia</span> <span class='ocrx_word' id='word_1_313' title='bbox 670 3644 823 3727; x_wconf 83' lang='lat' dir='ltr'>Augusti,</span> <span class='ocrx_word' id='word_1_314' title='bbox 854 3644 945 3709; x_wconf 92' lang='grc'>66166</span> <span class='ocrx_word' id='word_1_315' title='bbox 975 3644 1078 3732; x_wconf 88' lang='lat' dir='ltr'>operis</span> <span class='ocrx_word' id='word_1_316' title='bbox 1108 3645 1321 3710; x_wconf 88' lang='lat' dir='ltr'>meminerunt</span> <span class='ocrx_word' id='word_1_317' title='bbox 1348 3645 1444 3710; x_wconf 89' lang='lat' dir='ltr'>etiam</span> <span class='ocrx_word' id='word_1_318' title='bbox 1467 3645 1544 3710; x_wconf 86' lang='lat' dir='ltr'>Sue·</span> 
     </span>
     <span class='ocr_line' id='line_1_33' title="bbox 177 3749 1545 3832; baseline -0.001 -16"><span class='ocrx_word' id='word_1_319' title='bbox 177 3750 290 3816; x_wconf 89' lang='lat' dir='ltr'>tonius</span> <span class='ocrx_word' id='word_1_320' title='bbox 315 3749 401 3832; x_wconf 84' lang='lat' dir='ltr'>Aug.</span> <span class='ocrx_word' id='word_1_321' title='bbox 419 3749 476 3814; x_wconf 85' lang='lat'>29:</span> <span class='ocrx_word' id='word_1_322' title='bbox 507 3752 661 3831; x_wconf 82' lang='lat' dir='ltr'>quaedam</span> <span class='ocrx_word' id='word_1_323' title='bbox 690 3753 786 3814; x_wconf 81' lang='lat' dir='ltr'>etiam</span> <span class='ocrx_word' id='word_1_324' title='bbox 808 3770 908 3831; x_wconf 90' lang='lat' dir='ltr'>opera</span> <span class='ocrx_word' id='word_1_325' title='bbox 929 3751 989 3813; x_wconf 75' lang='lat' dir='ltr'>aab</span> <span class='ocrx_word' id='word_1_326' title='bbox 1012 3751 1136 3814; x_wconf 81' lang='lat' dir='ltr'>nomine</span> <span class='ocrx_word' id='word_1_327' title='bbox 1165 3753 1287 3830; x_wconf 80' lang='lat' dir='ltr'>alieno,</span> <span class='ocrx_word' id='word_1_328' title='bbox 1314 3753 1545 3829; x_wconf 76' lang='grc'>6666166661-</span> 
     </span>
     <span class='ocr_line' id='line_1_34' title="bbox 180 3851 1545 3934; baseline -0.001 -16"><span class='ocrx_word' id='word_1_329' title='bbox 180 3857 258 3919; x_wconf 84' lang='lat' dir='ltr'>licet</span> <span class='ocrx_word' id='word_1_330' title='bbox 380 3855 477 3934; x_wconf 81' lang='lat' dir='ltr'>fecit,</span> <span class='ocrx_word' id='word_1_331' title='bbox 499 3861 535 3915; x_wconf 82' lang='lat' dir='ltr'>at</span> <span class='ocrx_word' id='word_1_332' title='bbox 553 3856 713 3934; x_wconf 85' lang='lat' dir='ltr'>porticam</span> <span class='ocrx_word' id='word_1_333' title='bbox 735 3855 963 3934; x_wconf 81' lang='lat' dir='ltr'>basilicamque</span> <span class='ocrx_word' id='word_1_334' title='bbox 987 3853 1049 3916; x_wconf 79' lang='lat' dir='ltr'>Gai</span> <span class='ocrx_word' id='word_1_335' title='bbox 1073 3861 1103 3915; x_wconf 84' lang='lat' dir='ltr'>et</span> <span class='ocrx_word' id='word_1_336' title='bbox 1125 3854 1215 3928; x_wconf 84' lang='lat' dir='ltr'>Luci,</span> <span class='ocrx_word' id='word_1_337' title='bbox 1239 3857 1271 3914; x_wconf 90' lang='lat' dir='ltr'>et</span> <span class='ocrx_word' id='word_1_338' title='bbox 1292 3851 1353 3915; x_wconf 89' lang='lat' dir='ltr'>Dio</span> <span class='ocrx_word' id='word_1_339' title='bbox 1370 3852 1421 3929; x_wconf 86' lang='lat'>56,</span> <span class='ocrx_word' id='word_1_340' title='bbox 1440 3853 1480 3917; x_wconf 91' lang='grc'>27</span> <span class='ocrx_word' id='word_1_341' title='bbox 1505 3852 1545 3916; x_wconf 83' lang='grc'>66</span> 
     </span>
     <span class='ocr_line' id='line_1_35' title="bbox 180 3954 1545 4039; baseline -0.001 -17"><span class='ocrx_word' id='word_1_342' title='bbox 180 3979 209 4021; x_wconf 85' lang='grc'>6.</span> <span class='ocrx_word' id='word_1_343' title='bbox 228 3956 313 4020; x_wconf 83' lang='lat'><strong>765:</strong></span> <span class='ocrx_word' id='word_1_344' title='bbox 343 3956 364 4038; x_wconf 76' lang='grc' dir='ltr'>ἡ</span> <span class='ocrx_word' id='word_1_345' title='bbox 387 3955 460 4018; x_wconf 80' lang='grc' dir='ltr'>στοὰ</span> <span class='ocrx_word' id='word_1_346' title='bbox 483 3957 503 4038; x_wconf 77' lang='grc' dir='ltr'>ἡ</span> <span class='ocrx_word' id='word_1_347' title='bbox 521 3954 636 4020; x_wconf 82' lang='grc' dir='ltr'>Ἰουλία</span> <span class='ocrx_word' id='word_1_348' title='bbox 658 3962 670 4034; x_wconf 85' lang='grc'>(</span> <span class='ocrx_word' id='word_1_349' title='bbox 678 3955 768 4019; x_wconf 86' lang='lat' dir='ltr'>codd.</span> <span class='ocrx_word' id='word_1_350' title='bbox 793 3956 909 4033; x_wconf 80' lang='grc' dir='ltr'>Λιουία,</span> <span class='ocrx_word' id='word_1_351' title='bbox 934 3962 968 4020; x_wconf 82' lang='grc'>61</span> <span class='ocrx_word' id='word_1_352' title='bbox 990 3955 1062 4020; x_wconf 86' lang='lat' dir='ltr'>vide</span> <span class='ocrx_word' id='word_1_353' title='bbox 1082 3954 1310 4039; x_wconf 72' lang='lat' dir='ltr'>Beckerum&#39;p.</span> <span class='ocrx_word' id='word_1_354' title='bbox 1324 3955 1408 4036; x_wconf 80' lang='lat'><strong>543)</strong></span> <span class='ocrx_word' id='word_1_355' title='bbox 1436 3960 1545 4021; x_wconf 83' lang='grc' dir='ltr'>καλου-</span> 
     </span>
     <span class='ocr_line' id='line_1_36' title="bbox 179 4057 1544 4146; baseline -0.001 -22"><span class='ocrx_word' id='word_1_356' title='bbox 179 4061 258 4146; x_wconf 81' lang='grc' dir='ltr'>μένη</span> <span class='ocrx_word' id='word_1_357' title='bbox 289 4058 475 4145; x_wconf 65' lang='grc' dir='ltr'>ᾠκοδομήθη</span> <span class='ocrx_word' id='word_1_358' title='bbox 505 4082 539 4122; x_wconf 84' lang='grc' dir='ltr'>τε</span> <span class='ocrx_word' id='word_1_359' title='bbox 563 4059 600 4144; x_wconf 27' lang='grc' dir='ltr'>ἐς,</span> <span class='ocrx_word' id='word_1_360' title='bbox 615 4060 701 4144; x_wconf 82' lang='grc' dir='ltr'>τιμὴν</span> <span class='ocrx_word' id='word_1_361' title='bbox 724 4063 777 4122; x_wconf 76' lang='grc' dir='ltr'>τοῦ</span> <span class='ocrx_word' id='word_1_362' title='bbox 805 4082 838 4122; x_wconf 85' lang='grc' dir='ltr'>τε</span> <span class='ocrx_word' id='word_1_363' title='bbox 862 4058 952 4123; x_wconf 73' lang='lat' dir='ltr'>saion</span> <span class='ocrx_word' id='word_1_364' title='bbox 982 4059 1034 4122; x_wconf 81' lang='grc' dir='ltr'>καὶ</span> <span class='ocrx_word' id='word_1_365' title='bbox 1061 4061 1114 4121; x_wconf 81' lang='grc' dir='ltr'>τοῦ</span> <span class='ocrx_word' id='word_1_366' title='bbox 1137 4057 1268 4122; x_wconf 80' lang='grc' dir='ltr'>Λουκίου</span> <span class='ocrx_word' id='word_1_367' title='bbox 1297 4062 1355 4122; x_wconf 86' lang='grc' dir='ltr'>τῶν</span> <span class='ocrx_word' id='word_1_368' title='bbox 1385 4057 1544 4144; x_wconf 83' lang='grc' dir='ltr'>Καισάρων</span> 
     </span>
     <span class='ocr_line' id='line_1_37' title="bbox 180 4160 1545 4248; baseline -0.002 -19"><span class='ocrx_word' id='word_1_369' title='bbox 180 4167 234 4229; x_wconf 81' lang='grc' dir='ltr'>καὶ</span> <span class='ocrx_word' id='word_1_370' title='bbox 256 4161 328 4227; x_wconf 80' lang='grc' dir='ltr'>τότε</span> <span class='ocrx_word' id='word_1_371' title='bbox 350 4163 538 4248; x_wconf 58' lang='lat' dir='ltr'>subsepulta</span> <span class='ocrx_word' id='word_1_372' title='bbox 588 4163 733 4227; x_wconf 90' lang='lat' dir='ltr'>Porticus</span> <span class='ocrx_word' id='word_1_373' title='bbox 755 4161 840 4226; x_wconf 91' lang='lat' dir='ltr'>Iulia</span> <span class='ocrx_word' id='word_1_374' title='bbox 867 4161 1057 4245; x_wconf 89' lang='lat' dir='ltr'>praeteritur</span> <span class='ocrx_word' id='word_1_375' title='bbox 1085 4160 1120 4224; x_wconf 92' lang='lat' dir='ltr'>in</span> <span class='ocrx_word' id='word_1_376' title='bbox 1142 4163 1367 4226; x_wconf 89' lang='lat' dir='ltr'>commentario</span> <span class='ocrx_word' id='word_1_377' title='bbox 1390 4181 1452 4226; x_wconf 90' lang='lat' dir='ltr'>non</span> <span class='ocrx_word' id='word_1_378' title='bbox 1474 4182 1545 4246; x_wconf 93' lang='lat' dir='ltr'>pro·</span> 
     </span>
     <span class='ocr_line' id='line_1_38' title="bbox 179 4263 1547 4353; baseline -0.001 -21"><span class='ocrx_word' id='word_1_379' title='bbox 179 4276 293 4353; x_wconf 89' lang='lat' dir='ltr'>pterea</span> <span class='ocrx_word' id='word_1_380' title='bbox 316 4266 401 4349; x_wconf 91' lang='lat' dir='ltr'>quod</span> <span class='ocrx_word' id='word_1_381' title='bbox 424 4286 502 4351; x_wconf 91' lang='lat' dir='ltr'>opus</span> <span class='ocrx_word' id='word_1_382' title='bbox 525 4266 665 4331; x_wconf 90' lang='lat' dir='ltr'>alienum</span> <span class='ocrx_word' id='word_1_383' title='bbox 687 4265 758 4342; x_wconf 89' lang='lat' dir='ltr'>fuit,</span> <span class='ocrx_word' id='word_1_384' title='bbox 788 4273 824 4330; x_wconf 88' lang='lat' dir='ltr'>ut</span> <span class='ocrx_word' id='word_1_385' title='bbox 846 4265 952 4328; x_wconf 82' lang='lat' dir='ltr'>uisum</span> <span class='ocrx_word' id='word_1_386' title='bbox 975 4271 1024 4328; x_wconf 90' lang='lat' dir='ltr'>est</span> <span class='ocrx_word' id='word_1_387' title='bbox 1046 4263 1184 4329; x_wconf 87' lang='lat' dir='ltr'>Beckero</span> <span class='ocrx_word' id='word_1_388' title='bbox 1208 4285 1239 4349; x_wconf 92' lang='lat' dir='ltr'>p.</span> <span class='ocrx_word' id='word_1_389' title='bbox 1253 4265 1318 4330; x_wconf 85' lang='lat'>340</span> <span class='ocrx_word' id='word_1_390' title='bbox 1333 4265 1447 4341; x_wconf 83' lang='grc'>6627,</span> <span class='ocrx_word' id='word_1_391' title='bbox 1472 4286 1547 4330; x_wconf 90' lang='lat' dir='ltr'>nam</span> 
     </span>
     <span class='ocr_line' id='line_1_39' title="bbox 180 4366 1560 4454; baseline -0.001 -20"><span class='ocrx_word' id='word_1_392' title='bbox 180 4390 258 4435; x_wconf 87' lang='lat' dir='ltr'>vere</span> <span class='ocrx_word' id='word_1_393' title='bbox 281 4369 421 4452; x_wconf 85' lang='lat' dir='ltr'>Augusti</span> <span class='ocrx_word' id='word_1_394' title='bbox 443 4389 522 4454; x_wconf 90' lang='lat' dir='ltr'>opus</span> <span class='ocrx_word' id='word_1_395' title='bbox 546 4389 609 4434; x_wconf 91' lang='lat' dir='ltr'>non</span> <span class='ocrx_word' id='word_1_396' title='bbox 632 4369 738 4434; x_wconf 91' lang='lat' dir='ltr'>minus</span> <span class='ocrx_word' id='word_1_397' title='bbox 761 4369 823 4433; x_wconf 88' lang='lat' dir='ltr'>fnit</span> <span class='ocrx_word' id='word_1_398' title='bbox 852 4388 948 4450; x_wconf 89' lang='lat' dir='ltr'>qnam</span> <span class='ocrx_word' id='word_1_399' title='bbox 977 4366 1110 4432; x_wconf 88' lang='lat' dir='ltr'>basilica</span> <span class='ocrx_word' id='word_1_400' title='bbox 1131 4366 1230 4445; x_wconf 88' lang='lat' dir='ltr'>Iulia,</span> <span class='ocrx_word' id='word_1_401' title='bbox 1260 4368 1342 4433; x_wconf 88' lang='grc'>61661</span> <span class='ocrx_word' id='word_1_402' title='bbox 1365 4388 1460 4453; x_wconf 89' lang='lat' dir='ltr'>supra</span> <span class='ocrx_word' id='word_1_403' title='bbox 1481 4369 1560 4433; x_wconf 88' lang='lat' dir='ltr'>iam·</span> 
     </span>
     <span class='ocr_line' id='line_1_40' title="bbox 182 4469 1547 4559; baseline -0.003 -21"><span class='ocrx_word' id='word_1_404' title='bbox 182 4479 228 4559; x_wconf 89' lang='lat' dir='ltr'>(p.</span> <span class='ocrx_word' id='word_1_405' title='bbox 244 4475 302 4552; x_wconf 89' lang='lat'>51)</span> <span class='ocrx_word' id='word_1_406' title='bbox 326 4472 575 4550; x_wconf 82' lang='lat' dir='ltr'>observavimus,</span> <span class='ocrx_word' id='word_1_407' title='bbox 600 4471 656 4535; x_wconf 90' lang='lat' dir='ltr'>sed</span> <span class='ocrx_word' id='word_1_408' title='bbox 678 4471 785 4555; x_wconf 90' lang='lat' dir='ltr'>potins</span> <span class='ocrx_word' id='word_1_409' title='bbox 802 4469 886 4553; x_wconf 89' lang='lat' dir='ltr'>quod</span> <span class='ocrx_word' id='word_1_410' title='bbox 902 4469 1178 4554; x_wconf 88' lang='lat' dir='ltr'>comprehenditur</span> <span class='ocrx_word' id='word_1_411' title='bbox 1192 4472 1328 4536; x_wconf 88' lang='lat' dir='ltr'>basilica</span> <span class='ocrx_word' id='word_1_412' title='bbox 1342 4472 1433 4536; x_wconf 88' lang='lat' dir='ltr'>Iulia.</span> <span class='ocrx_word' id='word_1_413' title='bbox 1473 4472 1547 4536; x_wconf 93' lang='lat' dir='ltr'>Por·</span> 
     </span>
     <span class='ocr_line' id='line_1_41' title="bbox 181 4572 1548 4659; baseline -0.004 -15"><span class='ocrx_word' id='word_1_414' title='bbox 181 4577 268 4646; x_wconf 88' lang='grc'>11666</span> <span class='ocrx_word' id='word_1_415' title='bbox 306 4575 452 4640; x_wconf 88' lang='lat' dir='ltr'>dedicata</span> <span class='ocrx_word' id='word_1_416' title='bbox 483 4581 532 4640; x_wconf 89' lang='grc'>661</span> <span class='ocrx_word' id='word_1_417' title='bbox 567 4598 595 4642; x_wconf 87' lang='grc'>6.</span> <span class='ocrx_word' id='word_1_418' title='bbox 616 4576 697 4653; x_wconf 83' lang='grc'>765;</span> <span class='ocrx_word' id='word_1_419' title='bbox 736 4573 808 4659; x_wconf 87' lang='grc'>1666</span> <span class='ocrx_word' id='word_1_420' title='bbox 840 4572 975 4638; x_wconf 86' lang='lat' dir='ltr'>basilica</span> <span class='ocrx_word' id='word_1_421' title='bbox 1008 4573 1150 4640; x_wconf 90' lang='lat' dir='ltr'>nondum</span> <span class='ocrx_word' id='word_1_422' title='bbox 1180 4575 1326 4640; x_wconf 90' lang='lat' dir='ltr'>absoluta</span> <span class='ocrx_word' id='word_1_423' title='bbox 1357 4583 1439 4652; x_wconf 88' lang='lat' dir='ltr'>erat,</span> <span class='ocrx_word' id='word_1_424' title='bbox 1476 4595 1548 4638; x_wconf 90' lang='lat' dir='ltr'>cum</span> 
     </span>
     <span class='ocr_line' id='line_1_42' title="bbox 181 4676 1546 4770; baseline -0.004 -26"><span class='ocrx_word' id='word_1_425' title='bbox 181 4682 352 4763; x_wconf 84' lang='lat' dir='ltr'>Augustus</span> <span class='ocrx_word' id='word_1_426' title='bbox 375 4677 736 4770; x_wconf 77' lang='grc'>1166666616611666616</span> <span class='ocrx_word' id='word_1_427' title='bbox 760 4684 833 4742; x_wconf 88' lang='lat' dir='ltr'>ante</span> <span class='ocrx_word' id='word_1_428' title='bbox 856 4676 979 4743; x_wconf 91' lang='lat' dir='ltr'>obitum</span> <span class='ocrx_word' id='word_1_429' title='bbox 1001 4677 1181 4754; x_wconf 85' lang='lat' dir='ltr'>mensibus,</span> <span class='ocrx_word' id='word_1_430' title='bbox 1204 4677 1290 4744; x_wconf 90' lang='lat' dir='ltr'>unde</span> <span class='ocrx_word' id='word_1_431' title='bbox 1313 4678 1410 4744; x_wconf 89' lang='lat' dir='ltr'>etiam</span> <span class='ocrx_word' id='word_1_432' title='bbox 1432 4697 1546 4744; x_wconf 92' lang='lat' dir='ltr'>nomen</span> 
     </span>
     <span class='ocr_line' id='line_1_43' title="bbox 181 4781 1545 4870; baseline -0.004 -20"><span class='ocrx_word' id='word_1_433' title='bbox 181 4785 289 4870; x_wconf 87' lang='lat' dir='ltr'>operis</span> <span class='ocrx_word' id='word_1_434' title='bbox 312 4802 376 4847; x_wconf 92' lang='lat' dir='ltr'>non</span> <span class='ocrx_word' id='word_1_435' title='bbox 399 4782 536 4848; x_wconf 87' lang='lat' dir='ltr'>dedicati</span> <span class='ocrx_word' id='word_1_436' title='bbox 557 4794 674 4868; x_wconf 79' lang='lat' dir='ltr'>ponere</span> <span class='ocrx_word' id='word_1_437' title='bbox 695 4781 799 4848; x_wconf 90' lang='lat' dir='ltr'>noluit</span> <span class='ocrx_word' id='word_1_438' title='bbox 820 4781 956 4867; x_wconf 89' lang='lat' dir='ltr'>(Becker</span> <span class='ocrx_word' id='word_1_439' title='bbox 978 4781 1088 4866; x_wconf 85' lang='grc'>6305</span> <span class='ocrx_word' id='word_1_440' title='bbox 1111 4801 1143 4848; x_wconf 91' lang='grc'>6.</span> <span class='ocrx_word' id='word_1_441' title='bbox 1157 4781 1249 4868; x_wconf 84' lang='grc'>530).</span> <span class='ocrx_word' id='word_1_442' title='bbox 1284 4781 1417 4847; x_wconf 90' lang='lat' dir='ltr'>Videtur</span> <span class='ocrx_word' id='word_1_443' title='bbox 1440 4786 1545 4846; x_wconf 88' lang='lat' dir='ltr'>autem</span> 
     </span>
    </p>
   </div>
   <div class='ocr_carea' id='block_1_3' title="bbox 0 0 1886 5517">
    <p class='ocr_par' dir='ltr' id='par_1_4' title="bbox 0 0 1886 5517">
     <span class='ocr_line' id='line_1_44' title="bbox 0 0 1886 5517; baseline 0 0"><span class='ocrx_word' id='word_1_444' title='bbox 0 0 1886 5517; x_wconf 95' lang='lat' dir='ltr'> </span> 
     </span>
    </p>
   </div>
  </div>
 </body>
</html>
