3734 5517
1526 366 1576 419 Vll

225 532 324 596 Keilii
347 532 462 598 admisi
485 535 736 601 emendationem
758 556 820 601 non
843 542 927 601 recte
950 535 1167 620 impugnatam
1182 557 1202 599 a
1215 536 1346 602 Franaio
1361 538 1409 617 (in
1425 538 1474 603 ed.
1491 559 1574 603 mon.

225 639 343 721 Ancyr³
367 640 500 723 p.102);
530 660 605 705 nam
626 641 757 706 minime
784 662 895 706 verum
922 647 970 705 est
997 640 1032 705 in
1054 640 1181 706 Tiberio
1204 643 1363 726 expectari
1385 662 1576 728 praenomen

225 741 435 826 imperatoris.
483 748 622 830 Apparet
648 767 687 810 ex
708 746 801 811 titulo
824 744 936 811 aedem
957 744 1216 830 Apolloniensem
1238 754 1271 811 et
1290 747 1394 831 ipsam
1416 747 1515 812 fuisse
1538 768 1577 811 ex

227 866 339 928 genere
362 848 595 931 Augusteorum
623 858 655 915 et
683 871 754 916 eam
783 870 907 935 quoque
938 850 1113 915 dedicatam
1142 871 1211 916 esse
1233 852 1409 935 imperante
1432 850 1575 930 Tiberim

226 970 330 1033 neque
354 952 500 1018 absimile
523 955 589 1019 veri
612 955 721 1020 eodem
744 962 894 1041 tempore,
919 975 980 1039 quo
998 955 1179 1019 Galatarum
1200 976 1365 1020 commune
1379 956 1412 1019 in
1434 976 1492 1020 sua
1514 976 1577 1019 me-

225 1056 341 1140 tropoli
370 1063 405 1122 ut
432 1059 630 1141 Augusteum
658 1061 746 1125 fieret
776 1059 928 1136 decrevit,
961 1060 1057 1125 etiam
1085 1058 1210 1124 Pisidas
1239 1059 1359 1124 Galatis
1386 1060 1421 1123 in
1450 1059 1578 1144 provin-

227 1160 349 1225 ciarum
376 1162 531 1228 divisione
558 1164 722 1231 adiunctos
758 1165 949 1242 decrevisse,
984 1171 1020 1230 ut
1042 1165 1240 1247 Augusteum
1267 1165 1356 1228 fieret
1378 1164 1576 1249 Apolloniae.

226 1262 379 1348 Aliquam
406 1267 572 1351 utriusqus
600 1270 826 1335 aedificationis
855 1270 1109 1334 coniunctionem
1136 1269 1231 1333 etiam
1257 1268 1316 1333 hoc
1344 1268 1463 1353 prodit,
1493 1267 1578 1351 quod

227 1368 360 1432 eandem
386 1369 679 1455 interpretationem
704 1374 852 1439 Graecam
882 1381 1013 1457 uterque
1043 1373 1178 1459 populus
1207 1372 1242 1435 in
1266 1374 1427 1455 Augustae
1450 1391 1507 1436 suo
1530 1372 1578 1436 in-

227 1471 364 1557 scripsit.

338 1578 406 1641 Iam
429 1578 601 1657 videamus,
626 1580 687 1643 duo
710 1580 855 1665 exempla
877 1580 1008 1664 quinam
1030 1579 1224 1665 reppererint
1247 1584 1279 1643 et
1300 1578 1523 1663 descripserint
1546 1585 1578 1644 et

86 1643 87 1733 l
149 1670 151 1675 ’
228 1681 346 1766 quibus
369 1683 522 1749 subsidiis
545 1685 622 1749 haec
645 1684 741 1749 editio
765 1684 916 1749 adornata
931 1684 984 1751 sit.
1019 1682 1170 1748 Subsidia
1192 1690 1298 1748 autem
1312 1682 1472 1767 intellego,
1497 1703 1578 1766 quae

229 1784 269 1849 ad
296 1786 384 1851 tituli
412 1788 508 1852 crisin
536 1788 669 1867 faciant,
699 1808 773 1854 nam
804 1788 859 1872 qui
882 1786 1141 1854 commentarium
1167 1808 1205 1892 px
1229 1786 1322 1852 editis
1345 1786 1437 1851 libris
1465 1786 1579 1871 repeti-

228 1890 332 1955 verint
355 1891 473 1975 quique
494 1893 528 1957 in
552 1914 587 1959 eo
610 1894 844 1981 interpretando
867 1893 1120 1977 illustrandoque
1144 1893 1259 1958 versati
1282 1893 1356 1970 sint,
1380 1913 1433 1957 eos
1454 1913 1516 1956 non
1531 1914 1580 1956 re-

228 2016 350 2061 censeo.
403 1998 602 2063 Latereulum
633 1999 764 2063 huiusce
792 1998 915 2082 generis
945 1998 1153 2084 scriptionum
1182 1997 1238 2081 qui
1266 1982 1415 2081 requirit,
1445 1996 1581 2084 reperiet

229 2101 314 2185 apud
336 2102 371 2166 E.
386 2102 540 2186 Eggerum
562 2124 690 2168 eceman
713 2105 846 2184 critique
868 2104 922 2167 das
947 2104 1120 2167 historicos
1145 2099 1324 2183 d’Aaparle
1346 2122 1377 2186 p.
1387 2102 1452 2165 412
1465 2122 1513 2186 sq.
